Tarih;Açýklama;Ýþlem Tutarý;Bakiye
31.12.2025;EFT MESAJ ÜCRETÝ TUTARI;-16,28;10.568,43
31.12.2025;EFT BSMV TUTARI;-6,84;10.584,71
31.12.2025;EFT KOMÝSYON TUTARI;-136,85;10.591,55
31.12.2025;HALK BANKASI//TR130001200957100010260200--ALANYA ÖZKAN KIRTASÝYE MAT.YAY.ÝNÞ.TÝC.LTD.ÞTÝ/Ziraat Mobil EFT ZÝRAAT HESABIN;-620000,00;10.728,4
31.12.2025;HESAPLAR ARASI VÝRMAN 55976192 - 5007 Nolu Hesaptan, Ziraat Mobil Virman;65000,00;630.728,4
31.12.2025;30.12.2025 TARÝH VE OZA2025000000898NUMLI FATURASINA ÝSTÝNADEN ABDURRAHMAN ALAETTÝNOÐLU ORTAO ABDURRAHMAN ALAETTÝNOÐLU O;6250,00;565.728,4
31.12.2025;Özkan Kýrtasiye cari hesaba mah yapýlan ödeme ALMA MATER ÖZEL EÐÝTÝM HÝZMETL ALMA MATER ÖZEL EÐÝTÝM HÝZMETLERÝ TURÝZM Ý;18319,00;559.478,4
31.12.2025;hesaplar arasý virman 55976192 - 5007 Nolu Hesaptan, Ziraat Mobil Virman;500000,00;541.159,4
31.12.2025;0028816 no lu çek , Hesap: 50040055976192;-630000,00;41.159,4
31.12.2025;0025213 no lu çek:Þube : 2343, Hesap : 0050040055976192 bedeli:250.000,00TL;-250000,00;671.159,4
31.12.2025;0025207 no lu çek:Þube : 2343, Hesap : 0050040055976192 bedeli:150.000,00TL;-150000,00;921.159,4
31.12.2025;0025217 no lu çek:Þube : 2343, Hesap : 0050040055976192 bedeli:300.000,00TL;-300000,00;1.071.159,4
31.12.2025;0025225 no lu çek:Þube : 2343, Hesap : 0050040055976192 bedeli:200.000,00TL;-200000,00;1.371.159,4
31.12.2025;0027424 no lu çek:Þube : 2343, Hesap : 0050040055976192 bedeli:400.000,00TL;-400000,00;1.571.159,4
31.12.2025;0027444 no lu çek:Þube : 2343, Hesap : 0050040055976192 bedeli:150.000,00TL;-150000,00;1.971.159,4
31.12.2025;0027431 no lu çek:Þube : 2343, Hesap : 0050040055976192 bedeli:200.000,00TL;-200000,00;2.121.159,4
31.12.2025;55976192 - 5007 Nolu Hesaptan, Þube Virman;2185000,00;2.321.159,4
31.12.2025;0028821 no lu çek , Hesap: 50040055976192;-200000,00;136.159,4
31.12.2025;0027426 no lu çek , Hesap: 50040055976192;-100000,00;336.159,4
31.12.2025;0025224 no lu çek , Hesap: 50040055976192;-200000,00;436.159,4
30.12.2025;FT: 30/12/2025 FN: OZE2025000003132 KIRTASÝYE;3004,21;636.159,4
30.12.2025;Gönd: HACIKURA ÝLKÖÐRETÝM OKULU OKUL AÝLEBÝRLÝÐÝ BAÞKANLI Giden FAST - HACIKURA ÝLKÖÐRETÝM OKULU OKUL AÝLEBÝRLÝÐÝ BAÞKAN;11896,50;633.155,19
30.12.2025;"Talimat No: 156368338;ALANYA MTAL KASIM 2025 DEVLET KATKISI ÖDEMESÝ (E OKUL) Muhasebe Birimi Vkn: 0480325909: 39707937 -";3242,02;621.258,69
26.12.2025;Gönd: TORUS YAPI ADÝ ORTAKLIÐI ALANYA ÖZKAN KIRTASÝYE CARÝ HESAP ÖDEMESÝ 0205-KUVEYT TURK KATILIM BANKASI A.S.;182,00;618.016,67
26.12.2025;REGÝOCOM 17.12.2025 OZE2025000003090 NL FT REGÝOCOM ÝLETÝÞÝM MERKEZÝ ANON REGÝOCOM ÝLETÝÞÝM MERKEZÝ ANONÝM ÞÝRKETÝ Ope;1015,00;617.834,67
24.12.2025;Gönd: ANADOLU ÞEKER TURÝZM ÝNÞAAT SANAYÝ VE TÝCARET LTD. 0134-DENÝZBANK A.Þ.;6753,60;616.819,67
22.12.2025;Gönd: GENÇ FIRAT TURÝZM TÝCARET A4 KAÐIDI-DOSYA-KLASÖR ALIM BEDELÝ 0064-T.ÝÞ BANKASI A.S.;4073,48;610.066,07
22.12.2025;FT: 16/12/2025 FN: OZE2025000003057 KIRTASÝYE;4830,00;605.992,59
19.12.2025;KEMAL SOYBAKIÞ 18.12.2025 tarih OZA2025000000879 KEMAL SOYBAKIÞ Ýnternet Havale;5750,01;601.162,59
19.12.2025;MESAJ ÜCRETÝ TUTARI;-1,58;595.412,58
19.12.2025;BSMV TUTARI;-0,53;595.414,16
19.12.2025;KOMÝSYON TUTARI;-10,69;595.414,69
19.12.2025;Türkiye Halk Bankasý A.Þ./TR920001200957100001018558-ÝSMAÝL HAKKI ÖZKAN/GIB2025000000015 NL'U FATURAYA ÝSTÝNADEN ALANYA;-60000,00;595.425,38
19.12.2025;MESAJ ÜCRETÝ TUTARI;-1,46;655.425,38
19.12.2025;BSMV TUTARI;-0,54;655.426,84
19.12.2025;KOMÝSYON TUTARI;-10,79;655.427,38
19.12.2025;Enpara Bank A.Þ./TR150015700000000151703677-MEHMET YILMAZ/FAST iþlemi;-55800,00;655.438,17
19.12.2025;MESAJ ÜCRETÝ TUTARI;-0,32;711.238,17
19.12.2025;BSMV TUTARI;-0,59;711.238,49
19.12.2025;KOMÝSYON TUTARI;-11,89;711.239,08
19.12.2025;Türkiye Ýþ Bankasý A.Þ./TR090006400000142090801041-MOBÝLÝZ BÝLGÝ VE ÝLETÝÞÝM TEKNOLOJÝLERÝ A.Þ/MBZ2025000056047 - MBZ202;-10080,00;711.250,97
18.12.2025;"Gönd: Milli Eðit.OD.HES20251218/155282567 S.GN.EMR Talimat No: 155282567;07-ALANYA;Rýfat Azakoðlu Turizm MTAL. Kýrtasiye";58888,08;721.330,97
17.12.2025;Gönd: Ahmet Yýlmaz O Anadolu Lisesi adýna 2025 yýlýnda alýnan deneme bedeli 0157-Enpara Bank A.Þ. FAST iþlemi;8535,00;662.442,89
17.12.2025;Gönd: BARBAROS AZAKOÐLU ORTAOKULU OKUL AÝLE BÝRLÝÐÝ GÝDEN EFT - BARBAROS AZAKOÐLU ORTAOKULU OKUL AÝLE BÝRLÝÐÝ TARAFINDAN;10995,18;653.907,89
16.12.2025;"Gönd: Milli Eðit.OD.HES20251216/154911255 S.GN.EMR Talimat No: 154911255;07-ALANYA;Okulumuzun kýrtasiye mal ihtiyacý Muh";14850,00;642.912,71
16.12.2025;"Gönd: Milli Eðit.OD.HES20251216/154911385 S.GN.EMR Talimat No: 154911385;07-ALANYA;A4 FOTOKOPÝ KAÐIDI ALIMI Muhasebe Bir";14850,00;628.062,71
16.12.2025;"Gönd: Milli Eðit.OD.HES20251216/154911348 S.GN.EMR Talimat No: 154911348;07-ALANYA;kýrtasiye malzemeleri alýmý 2025 2 Mu";14850,00;613.212,71
16.12.2025;"Gönd: Milli Eðit.OD.HES20251216/154911482 S.GN.EMR Talimat No: 154911482;07-ALANYA;Kýrtasiye Malzemesi Alýmý Muhasebe Bi";14955,00;598.362,71
16.12.2025;"Gönd: Milli Eðit.OD.HES20251216/154911318 S.GN.EMR Talimat No: 154911318;07-ALANYA;Kýrtasiye Malzemesi Alýmý Muhasebe Bi";14955,00;583.407,71
16.12.2025;"Gönd: Milli Eðit.OD.HES20251216/154911416 S.GN.EMR Talimat No: 154911416;07-ALANYA;KIRTASÝYE-BASKI MALZEMESÝ ALIMI Muhas";14860,00;568.452,71
16.12.2025;"Gönd: Milli Eðit.OD.HES20251216/154911283 S.GN.EMR Talimat No: 154911283;07-ALANYA;KIRTASÝYE MALZEMESÝ ALIMI Muhasebe Bi";14850,00;553.592,71
15.12.2025;ÖDEME Borçlu Müþ= ALANYA BELEDÝYE BAÞKANLIÐI Alacaklý Müþ= 55976192-5004 ALANYA ÖZKAN KIRTASÝYE MAT.YAYIN.ÝNÞTÝC.SAN.LTD;25571,33;538.742,71
15.12.2025;HÝKMET ÇOBAN Ziraat Mobil Havale;950,00;513.171,38
15.12.2025;Gönd: AKDENÝZ MEÞALE EÐÝTÝM ÝNÞ.TAAH.ÝTH.VE ÝHR.A.Þ. TED ALANYA KOLEJÝ C/H ÖDEMESÝ 0134-DENÝZBANK A.Þ.;1725,00;512.221,38
15.12.2025;Gönd: NOVA ART YAYIN BASIM DAÐITIM ORGANÝZASYON SANAYÝ VE TÝCARET LÝMÝTED ÞÝRKETÝ Alanya ödeme / Yarýsý 0205-Kuveyt Türk;10300,00;510.496,38
12.12.2025;Gönd: GÜR GRUP ÝNÞAAT SANAYÝ VE TÝCA VNO:480525636 ALANYA ÖZKAN KIRTASÝYE MA 0134-DENÝZBANK A.Þ.;9805,75;500.196,38
12.12.2025;"Gönd: Milli Eðit.OD.HES20251212/154649434 S.GN.EMR Talimat No: 154649434;07-ALANYA;Okulumuzun Kýrtasiye Malzemesi Ýhtiya";14850,00;490.390,63
09.12.2025;"Gönd: Milli Eðit.OD.HES20251209/154290807 S.GN.EMR Talimat No: 154290807;07-ALANYA;OKULUN A4 KAÐIDI ALIMI Muhasebe Birim";14850,00;475.540,63
09.12.2025;"Gönd: Milli Eðit.OD.HES20251209/154290802 S.GN.EMR Talimat No: 154290802;07-ALANYA;4734 SAYILI KAMU ÝHALE KANUNUNUN 22/d";14850,00;460.690,63
09.12.2025;"Gönd: Milli Eðit.OD.HES20251209/154290828 S.GN.EMR Talimat No: 154290828;07-ALANYA;KIRTASÝYE MALZEMESÝ ALIMI ARALIK 2025";14937,12;445.840,63
08.12.2025;EFT MESAJ ÜCRETÝ TUTARI;-5,25;430.903,51
08.12.2025;EFT BSMV TUTARI;-0,36;430.908,76
08.12.2025;EFT KOMÝSYON TUTARI;-7,19;430.909,12
08.12.2025;HALK BANKASI//TR210001200914100010262594--ABAKÜS KÝTAP YAYIN EÐÝTÝM LÝMÝTED ÞÝRKETÝ/Ziraat Mobil EFT ALANYA ÖZKAN KIRTAS;-200000,00;430.916,31
08.12.2025;"Gönd: Milli Eðit.OD.HES20251208/154184479 S.GN.EMR Talimat No: 154184479;07-ALANYA;Yeni açýlan okulun Atatürk Büstü Alým";18000,00;630.916,31
05.12.2025;Gönd: ALANYA ÇIPLAKLI ÝLKOKULU OKUL AÝLE BÝRLÝÐÝ GÝDEN FAST - ALANYA ÇIPLAKLI ÝLKOKULU OKUL AÝLE BÝRLÝÐÝ TARAFINDAN ALAN;11276,01;612.916,31
05.12.2025;Gönd: ALANYA ÇIPLAKLI ÝLKOKULU OKUL AÝLE BÝRLÝÐÝ GÝDEN FAST - ALANYA ÇIPLAKLI ÝLKOKULU OKUL AÝLE BÝRLÝÐÝ TARAFINDAN ALAN;10936,01;601.640,3
05.12.2025;REGÝOCOM 30/11/2025 OZE2025000003008 NL FT REGÝOCOM ÝLETÝÞÝM MERKEZÝ ANON REGÝOCOM ÝLETÝÞÝM MERKEZÝ ANONÝM ÞÝRKETÝ Ope;1303,40;590.704,29
05.12.2025;ALANYA ÖZKAN KIRTASÝYE TÝC.LTD.ÞTÝ. OZE2025-2997 NL.FTR.BDL. METAÞ GRUP YAPI ÜRÜNLERÝ METAÞ GRUP YAPI ÜRÜNLERÝ ALÜMÝNYU;3420,00;589.400,89
05.12.2025;Gönd: CLUB PARADÝSO CARI HESAP ÖDEMESI ALANYA ÖZKAN KIRTASÝYE MAT. YAY. ÝNÞ. TÝC 0032-T.EKONOMÝ BANKASI A.S.;27823,81;585.980,89
05.12.2025;Gönd: GÜR GRUP ÝNÞAAT SANAYÝ VE TÝCA VNO:480525636 ALANYA ÖZKAN KIRTASÝYE MA 0134-DENÝZBANK A.Þ.;16146,00;558.157,08
05.12.2025;Gönd: ALANYA ÇIPLAKLI ÝLKOKULU OKUL AÝLE BÝRLÝÐÝ 04/12/2025 tarihli CZA2025000000867 sayýlý fatura 0012-Türkiye Halk Ban;9960,00;542.011,08
05.12.2025;Gönd: ATZ ÖZEL EÐÝTÝM DANIÞMANLIK VE TÝCA ÖZKAN KIRT. 31.10-OZE2851 NL.FT.ÝST. 0062-Türkiye Garanti Bankasý A.Þ. FAST i;775,00;532.051,08
04.12.2025;Gönd: YBO ÖZEL EÐÝTÝM HÝZMETLERÝ SANAYÝ VE TÝCARET LÝMÝTED ÞÝRKETÝ C/H ÖDEME 0015-Türkiye Vakýflar Bankasý T.A.O. FAST i;20000,00;531.276,08
03.12.2025;Gönd: OPAL YAPI-ÝNÞAAT MALZEMELERÝ PAZARL 0062-Türkiye Garanti Bankasý A.Þ. FAST iþlemi;575,00;511.276,08
02.12.2025;Gönd: ALANYA TÝCARET VE SANAYÝ ODASI ALTSO ÖZA2025000000830 NOLU FATURA BEDELÝ KARÞILIÐI 0012-HALK BANKASI;9000,00;510.701,08
01.12.2025;Gönd: CEBECÝ GLOBAL TURÝZM TÝCARET ANONÝM ÞÝRKETÝ C/H ÖDEMESÝ 0015-T.VAKIFLAR BANKASI T.A.O.;283,86;501.701,08
01.12.2025;hesaplar arasý virman 55976192 - 5007 Nolu Hesaptan, Ziraat Mobil Virman;500000,00;501.417,22
01.12.2025;0025212 no lu çek:Þube : 2343, Hesap : 0050040055976192 bedeli:375.000,00TL;-375000,00;1.417,22
01.12.2025;0027440 no lu çek , Hesap: 50040055976192;-100000,00;376.417,22
01.12.2025;0025222 no lu çek , Hesap: 50040055976192;-400000,00;476.417,22
01.12.2025;55976192 - 5007 Nolu Hesaptan, Þube Virman;875000,00;876.417,22
01.12.2025;0027437 no lu çek:Þube : 2343, Hesap : 0050040055976192 bedeli:150.000,00TL;-150000,00;1.417,22
01.12.2025;0027429 no lu çek:Þube : 2343, Hesap : 0050040055976192 bedeli:175.000,00TL;-175000,00;151.417,22
01.12.2025;0025208 no lu çek:Þube : 2343, Hesap : 0050040055976192 bedeli:150.000,00TL;-150000,00;326.417,22
01.12.2025;0027445 no lu çek:Þube : 2343, Hesap : 0050040055976192 bedeli:300.000,00TL;-300000,00;476.417,22
01.12.2025;0027442 no lu çek:Þube : 2343, Hesap : 0050040055976192 bedeli:100.000,00TL;-100000,00;776.417,22
01.12.2025;0027423 no lu çek:Þube : 2343, Hesap : 0050040055976192 bedeli:400.000,00TL;-400000,00;876.417,22
28.11.2025;28/11/2025 TAR OZE2025000002946 NOLU FATURA BEDELÝ DEMÝRTAÞ ANAOKULU-28.11.2025 DEMÝRTAÞ ANAOKULU DEMÝRTAÞ ANAOKULU Op;11740,65;1.276.417,22
28.11.2025;Gönd: BMO DAMLATAÞ ÝNÞAAT ÖZEL EÐÝTÝM HÝZMETLERÝ SANAYÝ VE TÝCARET LÝMÝTED ÞÝRKETÝ C/H ÖDEME 0067-Yapý ve Kredi Bankasý;30000,00;1.264.676,57
28.11.2025;REGÝOCOM 19/11/2025 OZE2025000002915 NL FT REGÝOCOM ÝLETÝÞÝM MERKEZÝ ANON REGÝOCOM ÝLETÝÞÝM MERKEZÝ ANONÝM ÞÝRKETÝ Ope;12439,90;1.234.676,57
28.11.2025;NEZÝHAT ABDULLAH DOÐAN ÝO 28.11.2025 TRH 147449334 SY YAZI ÝLE NEZÝHAT-ABDULLAH DOÐAN ÝLKOKUL AÝLE-28.11.2025 NEZÝHAT AB;10536,00;1.222.236,67
28.11.2025;NEZÝHAT ABDULLAH DOÐAN ÝO 28.11.2025 TRH 147449334 SY YAZI ÝLE NEZÝHAT-ABDULLAH DOÐAN ÝLKOKUL AÝLE-28.11.2025 NEZÝHAT AB;11000,00;1.211.700,67
28.11.2025;Gönd: ALANYA AYTUR TURÝZMVE TÝCARET A. Þ. CARI HESABA MAHSUBEN ÖDEME 0012-HALK BANKASI;11058,30;1.200.700,67
27.11.2025;Gönd: ÖZLER-PET PETROL DÝNLENME KIRTASÝYE MALZEMELERÝ ALIM BEDELÝ 0064-T.ÝÞ BANKASI A.S.;4756,60;1.189.642,37
27.11.2025;Gönd: GENÇ FIRAT TURÝZM TÝCARET VOLEYBOL TOPU-KALEM VB. KIRTASÝYE MALZEMELERÝ BEDELÝ 0064-T.ÝÞ BANKASI A.S.;12008,16;1.184.885,77
27.11.2025;Gönd: EGETUÐ TURÝZM GIDA TÝC LTD.ÞTÝ CH BAKÝYE ÖDEME 0062-Türkiye Garanti Bankasý A.Þ. FAST iþlemi;2000,00;1.172.877,61
26.11.2025;"Talimat No: 153521204;ALANYA MTAL EKÝM 2025 DEVLET KATKISI ÖDEMESÝ (E OKUL) Muhasebe Birimi Vkn: 0480325909: 39707937 -";8694,50;1.170.877,61
25.11.2025;"Talimat No: 153369933;Alanya Denetimli Serbestlik Müdürlüðünde kullanýlmak üzere Kýrtasiye Malzemesi Alýmý. Fatura No:OZ";76599,00;1.162.183,11
24.11.2025;"Gönd: Hazine ve .OD.HES20251124/153228244 S.GN.EMR Talimat No: 153228244;07-ALANYA;KIRTASÝYE ALIMI(öZKAN KIRTASÝYE) Muha";34698,36;1.085.584,11
21.11.2025;Gönd: BERA TURÝZM ÝNÞAAT SEYAHAT TÝCARET ANONÝM ÞÝRKETÝ cari hesap ödemesi 0134-DENÝZBANK A.Þ.;10033,60;1.050.885,75
21.11.2025;Gönd: AZURA PARK SÝTE YÖNETÝMÝ SALÝH ÖMER OZKAN KIRTASÝYE 817 NOLU FT 0062-Türkiye Garanti Bankasý A.Þ. FAST iþlemi;1740,74;1.040.852,15
20.11.2025;14.11.2025 tarih ve OZA2025000000814 Numaralý fatura ile Ýþletme Müdürlüðümüz ve þefliklerde kullan Borçlu Müþ= ALANYA;272765,97;1.039.111,41
19.11.2025;Gönd: ALANYA ÜNÝVERSÝTESÝ KÝRTASÝYE MALZEME GÝDERÝ 0012-HALK BANKASI;58382,40;766.345,44
19.11.2025;Özkan Kýrtasiye NO 10839 05.11.2025 ALMA MATER ÖZEL EÐÝTÝM HÝZMETL ALMA MATER ÖZEL EÐÝTÝM HÝZMETLERÝ TURÝZM ÝNÞAAT TAÞ;343,00;707.963,04
19.11.2025;Özkan Kýrtasiye NO 7896 06.11.2025 ALMA MATER ÖZEL EÐÝTÝM HÝZMETL ALMA MATER ÖZEL EÐÝTÝM HÝZMETLERÝ TURÝZM ÝNÞAAT TAÞIMA;5092,50;707.620,04
19.11.2025;Özkan Kýrtasiye ALMA MATER ÖZEL EÐÝTÝM HÝZMETL ALMA MATER ÖZEL EÐÝTÝM HÝZMETLERÝ TURÝZM ÝNÞAAT TAÞIMACILIK MATBAACILIK V;2175,80;702.527,54
19.11.2025;ÖZKAN KIRTASÝYE cari hesaba mahsuben CÝTY SERENÝTY RESÝDENCE CÝTY SERENÝTY RESÝDENCE TOPLU YAPISI Ýnternet Havale;2020,00;700.351,74
19.11.2025;ÞÜKRÜ MÜLAZIMOÐLU ORTAOKULU-19.11.2025 ÞÜKRÜ MÜLAZIMOÐLU ORTAOKULU ÞÜKRÜ MÜLAZIMOÐLU ORTAOKULU Operasyon Merkezi Hava;12330,00;698.331,74
18.11.2025;ALANYA ÖZKAN KIRTASÝYE C/H ÖD. ARÝA RESORT OTELCÝLÝK TURÝZM S ARÝA RESORT OTELCÝLÝK TURÝZM SANAYÝ VE TÝCARET ANONÝM ÞÝRK;4980,76;686.001,74
14.11.2025;Gönd: YEKTA ROYAL CLUB SÝTESÝ 21.10.2025 TARÝHLÝ 0762 NOLU FATURA - KIRTASÝYE MALZEMELERÝ 0205-Kuveyt Türk Katýlým Banka;585,00;681.020,98
14.11.2025;Gönd: YEKTA BLUE 4 RESIDANCE SÝTE YÖNETÝCÝLÝÐÝ 21.10.2025 TARÝHLÝ 0743 NOLU FATURA - KIRTASÝYE MALZEMELERÝ 0205-Kuveyt T;895,00;680.435,98
14.11.2025;Gönd: YEKTA SUNRISE RESIDENCE SÝTESÝ 21.10.2025 TARÝHLÝ 0763 NOLU FATURA - KIRTASÝYE MALZEMELERÝ 0205-Kuveyt Türk Katýlý;1105,00;679.540,98
14.11.2025;Gönd: YEKTA QUEEN RESÝDENCE SÝTESÝ YÖNETÝCÝLÝÐÝ 21.10.2025 TARÝHLÝ 0761 NOLU FATURA - KIRTASÝYE MALZEMELRÝ 0205-Kuveyt T;465,00;678.435,98
14.11.2025;Gönd: YEKTA BLUE RESIDENCE 21.10.2025 TARÝHLÝ 0744 NOLU FATURA - KIRTASÝYE MALZEMELERÝ 0205-Kuveyt Türk Katýlým Bankasý;1105,00;677.970,98
14.11.2025;Gönd: YEKTA ALARA PARK SÝTE YÖNETÝMÝ 21.10.2025 TARÝHLÝ 0757 NOLU FATURA - KIRTASÝYE MALZEMELERÝ 0205-Kuveyt Türk Katýl;2931,25;676.865,98
14.11.2025;Gönd: YEKTA KINGDOM TRADE CENTER A, B , C , D BLOK YÖNETÝMÝ 21.10.2025 TARÝHLÝ 0760 NOLU FATURA - KIRTASÝYE MALZEMELERÝ;4712,50;673.934,73
14.11.2025;"Gönd: Milli Eðit.OD.HES20251114/152618997 S.GN.EMR Talimat No: 152618997;07-ALANYA;KIRTASÝYE MALZEMESÝ ALIMI Muhasebe Bi";9999,00;669.222,23
13.11.2025;"Gönd: Milli Eðit.OD.HES20251113/152529167 S.GN.EMR Talimat No: 152529167;07-ALANYA;Kýrtasiye malzemesi 2025 Muhasebe Bir";12650,00;659.223,23
07.11.2025;Gönd: KIRBIYIK ÝÇECEK DAÐIPAZ.T HAVALE 0064-T.ÝÞ BANKASI A.S.;12135,13;646.573,23
07.11.2025;OZE2025000002742 NL.FAT.ÝST. KIRTASÝYE MALZEMESÝ ALIM ÖDEMESÝ ÇAÐSES OTOMOTÝV ÇAÐSES OTOMOTÝV TOPTAN GIDA ÜRÜN PAZ PETTU;1396,50;634.438,1
07.11.2025;REGÝOCOM 31/10/2025 OZE2025000002810 NL FT REGÝOCOM ÝLETÝÞÝM MERKEZÝ ANON REGÝOCOM ÝLETÝÞÝM MERKEZÝ ANONÝM ÞÝRKETÝ Ope;6753,02;633.041,6
07.11.2025;REGÝOCOM 31/10/2025 OZE2025000002811 NL FT REGÝOCOM ÝLETÝÞÝM MERKEZÝ ANON REGÝOCOM ÝLETÝÞÝM MERKEZÝ ANONÝM ÞÝRKETÝ Ope;7703,59;626.288,58
07.11.2025;"Gönd: Milli Eðit.OD.HES20251107/152148393 S.GN.EMR Talimat No: 152148393;07-ALANYA;KIRTASÝYE MALZMESÝ ALIMI Muhasebe Bir";10000,00;618.584,99
07.11.2025;"Gönd: Milli Eðit.OD.HES20251107/152148348 S.GN.EMR Talimat No: 152148348;07-ALANYA;OYUNCAK MALZEMESÝ ALIMI Muhasebe Biri";27960,00;608.584,99
07.11.2025;"Gönd: Milli Eðit.OD.HES20251107/152148480 S.GN.EMR Talimat No: 152148480;07-ALANYA;KIRTASÝYE MALZEMESÝ ALIMI Muhasebe Bi";9994,50;580.624,99
04.11.2025;55976192 2343KRTM24000208 6250;-312,50;570.630,49
04.11.2025;55976192 2343KRTM24000208 20251021/20251021 Dönemi 6250 Komisyon Tahsilatý;-6250,00;570.942,99
04.11.2025;2343KRTM24000208 5,59 Komisyon Gecikme faizi BSMV TRY;-5,59;577.192,99
04.11.2025;2343KRTM24000208 2500000 Komisyon Gecikme faizi 111,81;-111,81;577.198,58
04.11.2025;KIRTASÝYE MALZEMESÝ SELCUKLU ÝLKOKULU VE ORTA OKULUAÝLE-04.11.2025 SELÇUKLU ÝLKOKULU VE ORTAOKULU SELCUKLU ÝLKOKULU VE O;54968,01;577.310,39
03.11.2025;Gönd: GÜR GRUP ÝNÞAAT SANAYÝ VE TÝCA VNO:480525636 ALANYA ÖZKAN KIRTASÝYE MA 0134-DENÝZBANK A.Þ.;93637,02;522.342,38
03.11.2025;"Talimat No: 151865963;ALANYA MTAL EYLÜL 2025 DEVLET KATKISI ÖDEMESÝ (E OKUL) Muhasebe Birimi Vkn: 0480325909: 39707937 -";6631,40;428.705,36
03.11.2025;Gönd: OPAL YAPI-ÝNÞAAT MALZEMELERÝ PAZARL 0062-Türkiye Garanti Bankasý A.Þ. FAST iþlemi;1150,00;422.073,96
03.11.2025;"Gönd: Milli Eðit.OD.HES20251103/151850506 S.GN.EMR Talimat No: 151850506;07-ALANYA;OKULUMUZUN KIRTASÝYE MALZEMESÝ ÝHTÝYA";14850,00;420.923,96
03.11.2025;2343KRTM24000208 No' lu mektubun vade uzatým masraf BSMV tahsilatý;-55,00;406.073,96
03.11.2025;2343KRTM24000208 No' lu mektubun vade uzatým masrafý tahsilatý;-1100,00;406.128,96
31.10.2025;Gönd: RÜZGAR GÜLÜ EÐÝTÝM HÝZMETLERÝ LÝMÝTED ÞÝRKETÝ rüzgar gülü kreþ 0015-Türkiye Vakýflar Bankasý T.A.O. FAST iþlemi;20000,00;407.228,96
31.10.2025;REGÝOOCM 18.08.2025 OZE2025000002116 NL FT REGÝOCOM ÝLETÝÞÝM MERKEZÝ ANON REGÝOCOM ÝLETÝÞÝM MERKEZÝ ANONÝM ÞÝRKETÝ Ope;6214,00;387.228,96
31.10.2025;"Gönd: Milli Eðit.OD.HES20251031/151780155 S.GN.EMR Talimat No: 151780155;07-ALANYA;KIRTASÝYE MALZEMESÝ ALIMI Muhasebe Bi";9900,00;381.014,96
31.10.2025;"Gönd: Milli Eðit.OD.HES20251031/151780057 S.GN.EMR Talimat No: 151780057;07-ALANYA;OYUNCAK MALZEMESÝ ALIMI Muhasebe Biri";27600,00;371.114,96
31.10.2025;"Gönd: Milli Eðit.OD.HES20251031/151779990 S.GN.EMR Talimat No: 151779990;07-ALANYA;Rýfat Azakoðlu Turizm MTAL. A4 Fotoko";26630,50;343.514,96
31.10.2025;"Gönd: Milli Eðit.OD.HES20251031/151780140 S.GN.EMR Talimat No: 151780140;07-ALANYA;KIRTASÝYE MALZEMESÝ ALIMI Muhasebe Bi";9900,00;316.884,46
31.10.2025;"Gönd: Milli Eðit.OD.HES20251031/151780213 S.GN.EMR Talimat No: 151780213;07-ALANYA;KIRTASÝYE MALZEMESÝ ALIMI Muhasebe Bi";9900,00;306.984,46
31.10.2025;"Gönd: Milli Eðit.OD.HES20251031/151780646 S.GN.EMR Talimat No: 151780646;07-ALANYA;KIRTASÝYE ALIMI 22/D DOÐRUDAN TEMÝN M";100100,00;297.084,46
31.10.2025;"Gönd: Milli Eðit.OD.HES20251031/151777921 S.GN.EMR Talimat No: 151777921;07-ALANYA;ihtiyaç Geniþ Klasör Alýmý Muhasebe B";2200,00;196.984,46
31.10.2025;0025211 no lu çek:Þube : 2343, Hesap : 0050040055976192 bedeli:375.000,00TL;-375000,00;194.784,46
31.10.2025;0025216 no lu çek:Þube : 2343, Hesap : 0050040055976192 bedeli:300.000,00TL;-300000,00;569.784,46
31.10.2025;0027432 no lu çek:Þube : 2343, Hesap : 0050040055976192 bedeli:60.000,00TL;-60000,00;869.784,46
31.10.2025;0025206 no lu çek:Þube : 2343, Hesap : 0050040055976192 bedeli:150.000,00TL;-150000,00;929.784,46
31.10.2025;0027422 no lu çek , Hesap: 50040055976192;-500000,00;1.079.784,46
31.10.2025;0027439 no lu çek , Hesap: 50040055976192;-100000,00;1.579.784,46
31.10.2025;0025221 no lu çek , Hesap: 50040055976192;-400000,00;1.679.784,46
30.10.2025;Gönd: SEDEF KÝTAP BASIN YAYIN SANAYÝ VE TÝCARET LÝMÝTED ÞÝRKETÝ ALANYA ÖZKAN KIRT CARÝ HESABA MAHSUBEN 0205-Kuveyt Türk;5700,00;2.079.784,46
30.10.2025;Gönd: ALANYA AYTUR TURÝZMVE TÝCARET A. Þ. OZE2025000002633 NOLU FATURAYA ISTINADEN ÖDEME 0012-HALK BANKASI;4615,50;2.074.084,46
30.10.2025;HESAPLAR ARASI VÝRMAN 55976192 - 5007 Nolu Hesaptan, Ziraat Mobil Virman;1500000,00;2.069.468,96
28.10.2025;"Gönd: Milli Eðit.OD.HES20251028/151602875 S.GN.EMR Talimat No: 151602875;07-ALANYA;OKULUMUZA A4 KAÐIDI ALIMI Muhasebe Bi";27720,00;569.468,96
28.10.2025;"Gönd: Milli Eðit.OD.HES20251028/151583109 S.GN.EMR Talimat No: 151583109;07-ALANYA;kýrtasiye malzemesi alýmý Muhasebe Bi";10989,00;541.748,96
28.10.2025;"Gönd: Milli Eðit.OD.HES20251028/151581652 S.GN.EMR Talimat No: 151581652;07-ALANYA;ÇIPLAKLI ÝLKOKULU KIRTASÝYE 17600 Muh";17600,00;530.759,96
27.10.2025;Gönd: HÜSEYÝN ÇÝNTAÞ HÜSEYÝN ÇÝNTAÞ CARÝ ÖDEME 0062-Türkiye Garanti Bankasý A.Þ. FAST iþlemi;6000,00;513.159,96
27.10.2025;"Gönd: Milli Eðit.OD.HES20251027/151509141 S.GN.EMR Talimat No: 151509141;07-ALANYA;Kýrtasiye Malzemesi Alýmý Muhasebe Bi";14850,00;507.159,96
24.10.2025;Gönd: KIRBIYIK ÝÇECEK DAÐIPAZ.T HAVALE 0064-T.ÝÞ BANKASI A.S.;17754,00;492.309,96
24.10.2025;Gönd: DEMÝREL OTELCÝLÝK TURÝZM ÝNÞAAT TARIM GIDA VE TÝCARET LÝMÝTED ÞÝRKETÝ Demirel Otelcilik Cari Hesaba Mahsuben 0064-;450,00;474.555,96
24.10.2025;Gönd: METAÞ GRUP YAPI ÜRÜNLERÝ ALÜMÝNY UM SANAYÝ TÝCARET ALANYA ÖZKAN KIRTASÝYE TÝC.LTD.ÞTÝ. OZE2025-2555 NL.FTR.BDL. 0;6840,00;474.105,96
22.10.2025;"Gönd: Milli Eðit.OD.HES20251022/151253761 S.GN.EMR Talimat No: 151253761;07-ALANYA;KIRTASÝYE MALZEMESÝ ALIMI Muhasebe Bi";14690,00;467.265,96
22.10.2025;"Gönd: Milli Eðit.OD.HES20251022/151258668 S.GN.EMR Talimat No: 151258668;07-ALANYA;Kýrtasiye Malzemesi Alýmý Muhasebe Bi";9900,00;452.575,96
21.10.2025;OZE20250002670 NOLU FATURA DEMÝRTAÞ ANAOKULU DEMÝRTAÞ ANAOKULU Operasyon Merkezi Havale;11600,00;442.675,96
21.10.2025;ÞÜKRÜ MÜLAZIMOÐLU ORTAOKULU-20.10.2025 ÞÜKRÜ MÜLAZIMOÐLU ORTAOKULU ÞÜKRÜ MÜLAZIMOÐLU ORTAOKULU Operasyon Merkezi Hava;35000,00;431.075,96
20.10.2025;Özkan Kýrtasiye ALMA MATER ÖZEL EÐÝTÝM HÝZMETL ALMA MATER ÖZEL EÐÝTÝM HÝZMETLERÝ TURÝZM ÝNÞAAT TAÞIMACILIK MATBAACILIK V;5284,00;396.075,96
17.10.2025;Gönd: KIRBIYIK ÝÇECEK DAÐIPAZ.T HAVALE 0064-T.ÝÞ BANKASI A.S.;15000,00;390.791,96
17.10.2025;ALANYA ÖZKAN KIRTASÝYE C/H ÖD. ARÝA RESORT OTELCÝLÝK TURÝZM S ARÝA RESORT OTELCÝLÝK TURÝZM SANAYÝ VE TÝCARET ANONÝM ÞÝRK;32000,00;375.791,96
15.10.2025;"Gönd: Milli Eðit.OD.HES20251015/150757945 S.GN.EMR Talimat No: 150757945;07-ALANYA;KIRTASÝYE MALZEMESÝ ALIMI Muhasebe Bi";12650,00;343.791,96
14.10.2025;Gönd: HAKAN ÜNLÜ Oðuzhan ünlü kreþ dünyam 5 yaþ 0015-Türkiye Vakýflar Bankasý T.A.O. FAST iþlemi;9954,00;331.141,96
14.10.2025;"Gönd: Milli Eðit.OD.HES20251014/150668975 S.GN.EMR Talimat No: 150668975;07-ALANYA;kýrtasiye malzeme alýmlarý (A4 80 GR)";14850,00;321.187,96
13.10.2025;Gönd: ÞEKER PORTAKALI EÐÝTÝM HÝZMETLERÝ TÝCARET LÝMÝTED ÞÝRKETÝ ÞEKER PORTAKALI EÐÝTÝM HÝZMETLERÝ TÝCARET LÝMÝTED ÞÝRKET;45000,00;306.337,96
10.10.2025;Gönd: BERA TURÝZM ÝNÞAAT SEYAHAT TÝCARET ANONÝM ÞÝRKETÝ cari hesap ödemesi 0134-DENÝZBANK A.Þ.;30191,40;261.337,96
09.10.2025;Gönd: SAKIZCIOÐLU TURÝZM OTELCÝLÝK ÝNÞ.VE TUÐRA OTEL ALANYA ÖZKAN KIRTASÝYE CARÝ HESABA MAHSUBEN ÖDENEN 0062-Türkiye Gar;12032,76;231.146,56
07.10.2025;"Gönd: Milli Eðit.OD.HES20251007/150182370 S.GN.EMR Talimat No: 150182370;07-ALANYA;KIRTASÝYE MALZEMELERÝ ALIMI Muhasebe";11550,00;219.113,8
06.10.2025;"Gönd: Milli Eðit.OD.HES20251006/150083215 S.GN.EMR Talimat No: 150083215;07-ALANYA;KIRTASÝYE MALZEMELERÝ ALIMI Muhasebe";13750,00;207.563,8
06.10.2025;"Gönd: Milli Eðit.OD.HES20251006/150083045 S.GN.EMR Talimat No: 150083045;07-ALANYA;KIRTASÝYE ÜRÜN ALIMI EYLÜL 2025 Muhas";9900,00;193.813,8
04.10.2025;Gönd: ASSA ALANYA ÝNÞAAT TÝCARET LÝMÝTED ÞÝRKETÝ kýrtasiye ödemesi 0209-Ziraat Katýlým Bankasý A.Þ. FAST iþlemi;1943,00;183.913,8
04.10.2025;CARÝ HESABA MAHSUBEN SELECT APART OTEL KARACA OTELCÝLÝK TURÝZM ÝNÞAAT TÝCARET LÝMÝTED ÞÝRKETÝ Ýnternet Havale;1697,00;181.970,8
03.10.2025;REGÝOCOM 30/09/2025 OZE2025000002575 NL FT REGÝOCOM ÝLETÝÞÝM MERKEZÝ ANON REGÝOCOM ÝLETÝÞÝM MERKEZÝ ANONÝM ÞÝRKETÝ Ope;7659,40;180.273,8
03.10.2025;Gönd: GÜR GRUP ÝNÞAAT SANAYÝ VE TÝCA VNO:480525636 ALANYA ÖZKAN KIRTASÝYE MA 0134-DENÝZBANK A.Þ.;2581,26;172.614,4
03.10.2025;EFT MESAJ ÜCRETÝ TUTARI;-15,75;170.033,14
03.10.2025;EFT BSMV TUTARI;-6,87;170.048,89
03.10.2025;EFT KOMÝSYON TUTARI;-137,35;170.055,76
03.10.2025;HALK BANKASI//TR130001200957100010260200--ALANYA ÖZKAN KIRTASÝYE MAT.YAY.ÝNÞ.TÝC.LTD.ÞTÝ/Ziraat Mobil EFT ZÝRAAT HESABIN;-600000,00;170.193,11
03.10.2025;HESAP ARASI TRANSFER 55976192 - 5007 Nolu Hesaptan, Ziraat Mobil Virman;600000,00;770.193,11
03.10.2025;Gönd: KIRBIYIK ÝÇECEK DAÐIPAZ.T HAVALE 0064-T.ÝÞ BANKASI A.S.;83178,00;170.193,11
03.10.2025;Gönd: YBO ÖZEL EÐÝTÝM HÝZMETLERÝ SANAYÝ VE TÝCARET LÝMÝTED ÞÝRKETÝ C/H ÖDEME 0015-Türkiye Vakýflar Bankasý T.A.O. FAST i;30120,93;87.015,11
03.10.2025;"Gönd: Milli Eðit.OD.HES20251003/150023490 S.GN.EMR Talimat No: 150023490;07-ALANYA;kýrtasiye A4 kaðýt alýmý Muhasebe Bir";9900,00;56.894,18
03.10.2025;"Gönd: Milli Eðit.OD.HES20251003/150011195 S.GN.EMR Talimat No: 150011195;07-ALANYA;Kýrtasiye Malzemesi Alýmý Muhasebe Bi";9900,00;46.994,18
01.10.2025;Gönd: AKÇELÝK TURÝZM OTELCÝLÝK A.Þ. CLUB NENA CARÝ ÖDEME 0012-HALK BANKASI;955,20;37.094,18
01.10.2025;"Gönd: Milli Eðit.OD.HES20251001/149904523 S.GN.EMR Talimat No: 149904523;07-ALANYA;Okulumuzun kýrtasiye malzemesi ihtiya";24750,00;36.138,98
