Tarih;Açýklama;Ýþlem Tutarý;Bakiye
31.12.2025;BSMV ELEKTRONÝK FON TRANSFERÝ (EFT) ÜCRETÝ-EFT/ALANYA ÖZKAN KI/HALKBANK HESAB;-7,62;27.275,60
31.12.2025;ELEKTRONÝK FON TRANSFERÝ (EFT) ÜCRETÝ-EFT/ALANYA ÖZKAN KI/HALKBANK HESAB;-152,35;27.283,22
31.12.2025;GÝDEN EFT - ALANYA ÖZKAN KIRTASÝYE MAT.YAY.ÝNÞ.TÝC.LTD.ÞTÝ - HALKBANK HESABINA VÝRMAN;-1200000,00;27.435,57
31.12.2025;BSMV ELEKTRONÝK FON TRANSFERÝ (EFT) ÜCRETÝ-EFT/ALANYA ÖZKAN KI/Virman;-7,62;1.227.435,57
31.12.2025;ELEKTRONÝK FON TRANSFERÝ (EFT) ÜCRETÝ-EFT/ALANYA ÖZKAN KI/Virman;-152,35;1.227.443,19
31.12.2025;GÝDEN EFT - ALANYA ÖZKAN KIRTASÝYE MAT.YAY.ÝNS.TÝC.LTD.ÞTÝ - Virman;-600000,00;1.227.595,54
31.12.2025;1801374784X311225201125PEÞÝNSATIÞKATKIPAYI;-37,50;1.827.595,54
31.12.2025;1801374784X311225201125PEÞÝNSATIÞ;21057,75;1.827.633,04
31.12.2025;1801374784X311225151225PEÞÝNSATIÞKATKIPAYI;-2,90;1.806.575,29
31.12.2025;1801374784X311225151225PEÞÝNSATIÞ;3180,30;1.806.578,19
31.12.2025;1801374784X311225301225ÜYE ÝÞYERÝ ÜCRETÝ - PEÞÝN (BSMV);-18,73;1.803.397,89
31.12.2025;1801374784X311225301225ÜYE ÝÞYERÝ ÜCRETÝ - PEÞÝN;-374,62;1.803.416,62
31.12.2025;1801374784X311225301225PEÞÝNSATIÞ;19822,24;1.803.791,24
31.12.2025;1801374784X311225031125ÜYE ÝÞYERÝ ÜCRETÝ - TAKSÝT (BSMV);-0,77;1.783.969,00
31.12.2025;1801374784X311225031125ÜYE ÝÞYERÝ ÜCRETÝ - TAKSÝT;-15,44;1.783.969,77
31.12.2025;1801374784X311225031125TAKSÝTSATIÞ;1343,16;1.783.985,21
30.12.2025;BSMV POS-1801374784 12/25 Belge ve Bilgilendirme Ücreti-Basýlý Ekstre;-1,75;1.782.642,05
30.12.2025;POS-1801374784 12/25 Belge ve Bilgilendirme Ücreti-Basýlý Ekstre;-35,00;1.782.643,80
30.12.2025;1801374784X301225191125PEÞÝNSATIÞKATKIPAYI;-1,10;1.782.678,80
30.12.2025;1801374784X301225191125PEÞÝNSATIÞ;21181,50;1.782.679,90
30.12.2025;1801374784X301225021225ÜYE ÝÞYERÝ ÜCRETÝ - TAKSÝT (BSMV);-0,40;1.761.498,40
30.12.2025;1801374784X301225021225ÜYE ÝÞYERÝ ÜCRETÝ - TAKSÝT;-8,04;1.761.498,80
30.12.2025;1801374784X301225021225TAKSÝTLÝSATIÞKATKIPAYI;-21,00;1.761.506,84
30.12.2025;1801374784X301225021225TAKSÝTSATIÞ;699,96;1.761.527,84
30.12.2025;1801374784X301225141225PEÞÝNSATIÞ;1000,45;1.760.827,88
29.12.2025;GELEN FAST - BAHTÝYAR BURAK KAPLAN - Sarý Lacivert Baðcýklý Yaka Forma;999,95;1.759.827,43
29.12.2025;GELEN HAVALE -MEHMET AKÝF YILMAZ -;999,95;1.758.827,48
29.12.2025;1801374784X291225181125PEÞÝNSATIÞKATKIPAYI;-20,00;1.757.827,53
29.12.2025;1801374784X291225181125PEÞÝNSATIÞ;15824,80;1.757.847,53
29.12.2025;1801374784X291225011225ÜYE ÝÞYERÝ ÜCRETÝ - TAKSÝT (BSMV);-4,66;1.742.022,73
29.12.2025;1801374784X291225011225ÜYE ÝÞYERÝ ÜCRETÝ - TAKSÝT;-93,27;1.742.027,39
29.12.2025;1801374784X291225011225TAKSÝTLÝSATIÞKATKIPAYI;-243,37;1.742.120,66
29.12.2025;1801374784X291225011225TAKSÝTSATIÞ;8112,44;1.742.364,03
29.12.2025;1801374784X291225281225ÜYE ÝÞYERÝ ÜCRETÝ - PEÞÝN (BSMV);-8,44;1.734.251,59
29.12.2025;1801374784X291225281225ÜYE ÝÞYERÝ ÜCRETÝ - PEÞÝN;-168,95;1.734.260,03
29.12.2025;1801374784X291225281225PEÞÝNSATIÞ;8939,85;1.734.428,98
29.12.2025;1801374784X291225011125ÜYE ÝÞYERÝ ÜCRETÝ - TAKSÝT (BSMV);-0,81;1.725.489,13
29.12.2025;1801374784X291225011125ÜYE ÝÞYERÝ ÜCRETÝ - TAKSÝT;-16,28;1.725.489,94
29.12.2025;1801374784X291225011125TAKSÝTSATIÞ;1416,50;1.725.506,22
29.12.2025;1801374784X291225131225PEÞÝNSATIÞKATKIPAYI;-2,25;1.724.089,72
29.12.2025;1801374784X291225131225PEÞÝNSATIÞ;9177,20;1.724.091,97
29.12.2025;1801374784X291225021025ÜYE ÝÞYERÝ ÜCRETÝ - TAKSÝT (BSMV);-0,81;1.714.914,77
29.12.2025;1801374784X291225021025ÜYE ÝÞYERÝ ÜCRETÝ - TAKSÝT;-16,28;1.714.915,58
29.12.2025;1801374784X291225021025TAKSÝTSATIÞ;1416,50;1.714.931,86
28.12.2025;1801374784X281225171125PEÞÝNSATIÞ;4778,20;1.713.515,36
28.12.2025;1801374784X281225301125ÜYE ÝÞYERÝ ÜCRETÝ - TAKSÝT (BSMV);-1,81;1.708.737,16
28.12.2025;1801374784X281225301125ÜYE ÝÞYERÝ ÜCRETÝ - TAKSÝT;-36,12;1.708.738,97
28.12.2025;1801374784X281225301125TAKSÝTLÝSATIÞKATKIPAYI;-94,24;1.708.775,09
28.12.2025;1801374784X281225301125TAKSÝTSATIÞ;3141,69;1.708.869,33
28.12.2025;1801374784X281225121225PEÞÝNSATIÞKATKIPAYI;-5,61;1.705.727,64
28.12.2025;1801374784X281225121225PEÞÝNSATIÞ;11539,85;1.705.733,25
28.12.2025;1801374784X281225271225ÜYE ÝÞYERÝ ÜCRETÝ - PEÞÝN (BSMV);-2,08;1.694.193,40
28.12.2025;1801374784X281225271225ÜYE ÝÞYERÝ ÜCRETÝ - PEÞÝN;-41,57;1.694.195,48
28.12.2025;1801374784X281225271225PEÞÝNSATIÞ;2199,50;1.694.237,05
27.12.2025;1801374784X271225291125ÜYE ÝÞYERÝ ÜCRETÝ - TAKSÝT (BSMV);-2,20;1.692.037,55
27.12.2025;1801374784X271225291125ÜYE ÝÞYERÝ ÜCRETÝ - TAKSÝT;-43,83;1.692.039,75
27.12.2025;1801374784X271225291125TAKSÝTLÝSATIÞKATKIPAYI;-114,39;1.692.083,58
27.12.2025;1801374784X271225291125TAKSÝTSATIÞ;3813,13;1.692.197,97
27.12.2025;1801374784X271225261225ÜYE ÝÞYERÝ ÜCRETÝ - PEÞÝN (BSMV);-10,91;1.688.384,84
27.12.2025;1801374784X271225261225ÜYE ÝÞYERÝ ÜCRETÝ - PEÞÝN;-218,08;1.688.395,75
27.12.2025;1801374784X271225261225PEÞÝNSATIÞ;11539,20;1.688.613,83
27.12.2025;1801374784X271225111225PEÞÝNSATIÞ;4003,45;1.677.074,63
27.12.2025;1801374784X271225161125PEÞÝNSATIÞKATKIPAYI;-10,13;1.673.071,18
27.12.2025;1801374784X271225161125PEÞÝNSATIÞ;19992,75;1.673.081,31
26.12.2025;2425181907 TELEKOM;-211,00;1.653.088,56
26.12.2025;1801374784X261225151125PEÞÝNSATIÞKATKIPAYI;-7,25;1.653.299,56
26.12.2025;1801374784X261225151125PEÞÝNSATIÞ;7609,20;1.653.306,81
26.12.2025;1801374784X261225281125ÜYE ÝÞYERÝ ÜCRETÝ - TAKSÝT (BSMV);-0,50;1.645.697,61
26.12.2025;1801374784X261225281125ÜYE ÝÞYERÝ ÜCRETÝ - TAKSÝT;-9,96;1.645.698,11
26.12.2025;1801374784X261225281125TAKSÝTLÝSATIÞKATKIPAYI;-26,00;1.645.708,07
26.12.2025;1801374784X261225281125TAKSÝTSATIÞ;866,80;1.645.734,07
26.12.2025;1801374784X261225101225PEÞÝNSATIÞKATKIPAYI;-10,60;1.644.867,27
26.12.2025;1801374784X261225101225PEÞÝNSATIÞ;3369,60;1.644.877,87
25.12.2025;1801374784X251225091225PEÞÝNSATIÞ;558,90;1.641.508,27
25.12.2025;1801374784X251225141125PEÞÝNSATIÞ;8264,81;1.640.949,37
25.12.2025;1801374784X251225241225ÜYE ÝÞYERÝ ÜCRETÝ - PEÞÝN (BSMV);-5,67;1.632.684,56
25.12.2025;1801374784X251225241225ÜYE ÝÞYERÝ ÜCRETÝ - PEÞÝN;-113,40;1.632.690,23
25.12.2025;1801374784X251225241225PEÞÝNSATIÞ;6000,40;1.632.803,63
24.12.2025;1801374784X241225261125ÜYE ÝÞYERÝ ÜCRETÝ - TAKSÝT (BSMV);-0,81;1.626.803,23
24.12.2025;1801374784X241225261125ÜYE ÝÞYERÝ ÜCRETÝ - TAKSÝT;-16,28;1.626.804,04
24.12.2025;1801374784X241225261125TAKSÝTLÝSATIÞKATKIPAYI;-42,50;1.626.820,32
24.12.2025;1801374784X241225261125TAKSÝTSATIÞ;1416,50;1.626.862,82
24.12.2025;1801374784X241225131125PEÞÝNSATIÞKATKIPAYI;-8,50;1.625.446,32
24.12.2025;1801374784X241225131125PEÞÝNSATIÞ;6799,50;1.625.454,82
23.12.2025;1801374784X231225121125PEÞÝNSATIÞ;9498,50;1.618.655,32
23.12.2025;1801374784X231225071225PEÞÝNSATIÞ;780,40;1.609.156,82
23.12.2025;1801374784X231225251125ÜYE ÝÞYERÝ ÜCRETÝ - TAKSÝT (BSMV);-0,15;1.608.376,42
23.12.2025;1801374784X231225251125ÜYE ÝÞYERÝ ÜCRETÝ - TAKSÝT;-3,06;1.608.376,57
23.12.2025;1801374784X231225251125TAKSÝTLÝSATIÞKATKIPAYI;-8,00;1.608.379,63
23.12.2025;1801374784X231225251125TAKSÝTSATIÞ;266,65;1.608.387,63
23.12.2025;1801374784X231225221225ÜYE ÝÞYERÝ ÜCRETÝ - PEÞÝN (BSMV);-4,80;1.608.120,98
23.12.2025;1801374784X231225221225ÜYE ÝÞYERÝ ÜCRETÝ - PEÞÝN;-96,00;1.608.125,78
23.12.2025;1801374784X231225221225PEÞÝNSATIÞ;5079,92;1.608.221,78
22.12.2025;GELEN HAVALE -FURKAN AGALAR -Furkan Agalar;999,95;1.603.141,86
22.12.2025;1801374784X221225111125PEÞÝNSATIÞ;9649,20;1.602.141,91
22.12.2025;1801374784X221225061225PEÞÝNSATIÞKATKIPAYI;-21,25;1.592.492,71
22.12.2025;1801374784X221225061225PEÞÝNSATIÞ;16197,50;1.592.513,96
22.12.2025;1801374784X221225251025ÜYE ÝÞYERÝ ÜCRETÝ - TAKSÝT (BSMV);-0,33;1.576.316,46
22.12.2025;1801374784X221225251025ÜYE ÝÞYERÝ ÜCRETÝ - TAKSÝT;-6,51;1.576.316,79
22.12.2025;1801374784X221225251025TAKSÝTSATIÞ;566,81;1.576.323,30
21.12.2025;1801374784X211225240925ÜYE ÝÞYERÝ ÜCRETÝ - TAKSÝT (BSMV);-0,90;1.575.756,49
21.12.2025;1801374784X211225240925ÜYE ÝÞYERÝ ÜCRETÝ - TAKSÝT;-17,97;1.575.757,39
21.12.2025;1801374784X211225240925TAKSÝTSATIÞ;1563,16;1.575.775,36
21.12.2025;1801374784X211225101125PEÞÝNSATIÞKATKIPAYI;-7,00;1.574.212,20
21.12.2025;1801374784X211225101125PEÞÝNSATIÞ;8899,35;1.574.219,20
21.12.2025;1801374784X211225231125ÜYE ÝÞYERÝ ÜCRETÝ - TAKSÝT (BSMV);-3,95;1.565.319,85
21.12.2025;1801374784X211225231125ÜYE ÝÞYERÝ ÜCRETÝ - TAKSÝT;-79,02;1.565.323,80
21.12.2025;1801374784X211225231125TAKSÝTLÝSATIÞKATKIPAYI;-206,18;1.565.402,82
21.12.2025;1801374784X211225231125TAKSÝTSATIÞ;6872,34;1.565.609,00
21.12.2025;1801374784X211225051225PEÞÝNSATIÞKATKIPAYI;-6,38;1.558.736,66
21.12.2025;1801374784X211225051225PEÞÝNSATIÞ;2720,31;1.558.743,04
20.12.2025;1801374784X201225091125PEÞÝNSATIÞ;2319,85;1.556.022,73
20.12.2025;1801374784X201225191225ÜYE ÝÞYERÝ ÜCRETÝ - PEÞÝN (BSMV);-1,23;1.553.702,88
20.12.2025;1801374784X201225191225ÜYE ÝÞYERÝ ÜCRETÝ - PEÞÝN;-24,57;1.553.704,11
20.12.2025;1801374784X201225191225PEÞÝNSATIÞ;1300,40;1.553.728,68
20.12.2025;1801374784X201225221125ÜYE ÝÞYERÝ ÜCRETÝ - TAKSÝT (BSMV);-0,81;1.552.428,28
20.12.2025;1801374784X201225221125ÜYE ÝÞYERÝ ÜCRETÝ - TAKSÝT;-16,28;1.552.429,09
20.12.2025;1801374784X201225221125TAKSÝTLÝSATIÞKATKIPAYI;-42,50;1.552.445,37
20.12.2025;1801374784X201225221125TAKSÝTSATIÞ;1416,50;1.552.487,87
20.12.2025;1801374784X201225041225PEÞÝNSATIÞ;10148,51;1.551.071,37
20.12.2025;1801374784X201225231025ÜYE ÝÞYERÝ ÜCRETÝ - TAKSÝT (BSMV);-0,90;1.540.922,86
20.12.2025;1801374784X201225231025ÜYE ÝÞYERÝ ÜCRETÝ - TAKSÝT;-18,09;1.540.923,76
20.12.2025;1801374784X201225231025TAKSÝTSATIÞ;1573,41;1.540.941,85
19.12.2025;INT 455359******1405 1912 1323;-4883,00;1.539.368,44
19.12.2025;1801374784X191225081125PEÞÝNSATIÞ;31990,80;1.544.251,44
19.12.2025;1801374784X191225220925ÜYE ÝÞYERÝ ÜCRETÝ - TAKSÝT (BSMV);-0,44;1.512.260,64
19.12.2025;1801374784X191225220925ÜYE ÝÞYERÝ ÜCRETÝ - TAKSÝT;-8,87;1.512.261,08
19.12.2025;1801374784X191225220925TAKSÝTSATIÞ;771,76;1.512.269,95
19.12.2025;1801374784X191225031225PEÞÝNSATIÞ;3975,25;1.511.498,19
18.12.2025;1801374784X181225071125PEÞÝNSATIÞ;11299,20;1.507.522,94
18.12.2025;1801374784X181225021225PEÞÝNSATIÞ;7240,20;1.496.223,74
18.12.2025;1801374784X181225171225ÜYE ÝÞYERÝ ÜCRETÝ - PEÞÝN (BSMV);-3,45;1.488.983,54
18.12.2025;1801374784X181225171225ÜYE ÝÞYERÝ ÜCRETÝ - PEÞÝN;-68,96;1.488.986,99
18.12.2025;1801374784X181225171225PEÞÝNSATIÞ;3649,01;1.489.055,95
18.12.2025;1801374784X181225201125ÜYE ÝÞYERÝ ÜCRETÝ - TAKSÝT (BSMV);-1,14;1.485.406,94
18.12.2025;1801374784X181225201125ÜYE ÝÞYERÝ ÜCRETÝ - TAKSÝT;-22,79;1.485.408,08
18.12.2025;1801374784X181225201125TAKSÝTLÝSATIÞKATKIPAYI;-59,50;1.485.430,87
18.12.2025;1801374784X181225201125TAKSÝTSATIÞ;1983,30;1.485.490,37
17.12.2025;1801374784X171225011225PEÞÝNSATIÞKATKIPAYI;-112,13;1.483.507,07
17.12.2025;1801374784X171225011225PEÞÝNSATIÞ;91351,20;1.483.619,20
17.12.2025;1801374784X171225191125ÜYE ÝÞYERÝ ÜCRETÝ - TAKSÝT (BSMV);-0,34;1.392.268,00
17.12.2025;1801374784X171225191125ÜYE ÝÞYERÝ ÜCRETÝ - TAKSÝT;-6,89;1.392.268,34
17.12.2025;1801374784X171225191125TAKSÝTLÝSATIÞKATKIPAYI;-17,99;1.392.275,23
17.12.2025;1801374784X171225191125TAKSÝTSATIÞ;599,50;1.392.293,22
17.12.2025;1801374784X171225061125PEÞÝNSATIÞ;1100,45;1.391.693,72
16.12.2025;1801374784X161225190925ÜYE ÝÞYERÝ ÜCRETÝ - TAKSÝT (BSMV);-0,93;1.390.593,27
16.12.2025;1801374784X161225190925ÜYE ÝÞYERÝ ÜCRETÝ - TAKSÝT;-18,62;1.390.594,20
16.12.2025;1801374784X161225190925TAKSÝTSATIÞ;1619,83;1.390.612,82
16.12.2025;1801374784X161225181125ÜYE ÝÞYERÝ ÜCRETÝ - TAKSÝT (BSMV);-0,88;1.388.992,99
16.12.2025;1801374784X161225181125ÜYE ÝÞYERÝ ÜCRETÝ - TAKSÝT;-17,63;1.388.993,87
16.12.2025;1801374784X161225181125TAKSÝTLÝSATIÞKATKIPAYI;-46,00;1.389.011,50
16.12.2025;1801374784X161225181125TAKSÝTSATIÞ;1533,18;1.389.057,50
16.12.2025;1801374784X161225051125PEÞÝNSATIÞKATKIPAYI;-10,50;1.387.524,32
16.12.2025;1801374784X161225051125PEÞÝNSATIÞ;14423,90;1.387.534,82
16.12.2025;1801374784X161225301125PEÞÝNSATIÞKATKIPAYI;-17,78;1.373.110,92
16.12.2025;1801374784X161225301125PEÞÝNSATIÞ;26727,25;1.373.128,70
15.12.2025;1801374784X151225291125PEÞÝNSATIÞKATKIPAYI;-21,75;1.346.401,45
15.12.2025;1801374784X151225291125PEÞÝNSATIÞ;14889,70;1.346.423,20
15.12.2025;1801374784X151225041125PEÞÝNSATIÞKATKIPAYI;-2,55;1.331.533,50
15.12.2025;1801374784X151225041125PEÞÝNSATIÞ;5609,86;1.331.536,05
14.12.2025;1801374784X141225281125PEÞÝNSATIÞKATKIPAYI;-18,00;1.325.926,19
14.12.2025;1801374784X141225281125PEÞÝNSATIÞ;17716,00;1.325.944,19
14.12.2025;1801374784X141225031125PEÞÝNSATIÞ;3725,75;1.308.228,19
14.12.2025;1801374784X141225131225ÜYE ÝÞYERÝ ÜCRETÝ - PEÞÝN (BSMV);-0,85;1.304.502,44
14.12.2025;1801374784X141225131225ÜYE ÝÞYERÝ ÜCRETÝ - PEÞÝN;-17,01;1.304.503,29
14.12.2025;1801374784X141225131225PEÞÝNSATIÞ;900,40;1.304.520,30
13.12.2025;1801374784X131225271125PEÞÝNSATIÞKATKIPAYI;-2,00;1.303.619,90
13.12.2025;1801374784X131225271125PEÞÝNSATIÞ;26458,00;1.303.621,90
13.12.2025;1801374784X131225021125PEÞÝNSATIÞKATKIPAYI;-4,65;1.277.163,90
13.12.2025;1801374784X131225021125PEÞÝNSATIÞ;27634,66;1.277.168,55
12.12.2025;1801374784X121225261125PEÞÝNSATIÞ;2700,90;1.249.533,89
12.12.2025;1801374784X121225011125PEÞÝNSATIÞKATKIPAYI;-46,00;1.246.832,99
12.12.2025;1801374784X121225011125PEÞÝNSATIÞ;28149,71;1.246.878,99
12.12.2025;1801374784X121225111225ÜYE ÝÞYERÝ ÜCRETÝ - PEÞÝN (BSMV);-12,07;1.218.729,28
12.12.2025;1801374784X121225111225ÜYE ÝÞYERÝ ÜCRETÝ - PEÞÝN;-241,40;1.218.741,35
12.12.2025;1801374784X121225111225PEÞÝNSATIÞ;12773,40;1.218.982,75
12.12.2025;1801374784X121225150925ÜYE ÝÞYERÝ ÜCRETÝ - TAKSÝT (BSMV);-2,50;1.206.209,35
12.12.2025;1801374784X121225150925ÜYE ÝÞYERÝ ÜCRETÝ - TAKSÝT;-50,00;1.206.211,85
12.12.2025;1801374784X121225150925TAKSÝTSATIÞ;4349,81;1.206.261,85
11.12.2025;1801374784X111225101225ÜYE ÝÞYERÝ ÜCRETÝ - PEÞÝN (BSMV);-16,90;1.201.912,04
11.12.2025;1801374784X111225101225ÜYE ÝÞYERÝ ÜCRETÝ - PEÞÝN;-338,07;1.201.928,94
11.12.2025;1801374784X111225101225PEÞÝNSATIÞ;17888,10;1.202.267,01
11.12.2025;1801374784X111225251125PEÞÝNSATIÞ;14625,95;1.184.378,91
11.12.2025;1801374784X111225311025PEÞÝNSATIÞ;20148,40;1.169.752,96
10.12.2025;1801374784X101225241125PEÞÝNSATIÞKATKIPAYI;-12,41;1.149.604,56
10.12.2025;1801374784X101225241125PEÞÝNSATIÞ;9521,05;1.149.616,97
10.12.2025;1801374784X101225301025PEÞÝNSATIÞ;17853,75;1.140.095,92
10.12.2025;1801374784X101225130925ÜYE ÝÞYERÝ ÜCRETÝ - TAKSÝT (BSMV);-0,19;1.122.242,17
10.12.2025;1801374784X101225130925ÜYE ÝÞYERÝ ÜCRETÝ - TAKSÝT;-3,73;1.122.242,36
10.12.2025;1801374784X101225130925TAKSÝTSATIÞ;325,16;1.122.246,09
09.12.2025;1801374784X091225231125PEÞÝNSATIÞ;5889,30;1.121.920,93
09.12.2025;1801374784X091225121025ÜYE ÝÞYERÝ ÜCRETÝ - TAKSÝT (BSMV);-1,22;1.116.031,63
09.12.2025;1801374784X091225121025ÜYE ÝÞYERÝ ÜCRETÝ - TAKSÝT;-24,38;1.116.032,85
09.12.2025;1801374784X091225121025TAKSÝTSATIÞ;2121,63;1.116.057,23
09.12.2025;1801374784X091225111125ÜYE ÝÞYERÝ ÜCRETÝ - TAKSÝT (BSMV);-1,20;1.113.935,60
09.12.2025;1801374784X091225111125ÜYE ÝÞYERÝ ÜCRETÝ - TAKSÝT;-23,86;1.113.936,80
09.12.2025;1801374784X091225111125TAKSÝTLÝSATIÞKATKIPAYI;-62,24;1.113.960,66
09.12.2025;1801374784X091225111125TAKSÝTSATIÞ;2074,95;1.114.022,90
09.12.2025;1801374784X091225291025PEÞÝNSATIÞ;8396,00;1.111.947,95
08.12.2025;1801374784X081225221125PEÞÝNSATIÞ;13894,79;1.103.551,95
08.12.2025;1801374784X081225281025PEÞÝNSATIÞ;7439,55;1.089.657,16
08.12.2025;1801374784X081225110925ÜYE ÝÞYERÝ ÜCRETÝ - TAKSÝT (BSMV);-0,68;1.082.217,61
08.12.2025;1801374784X081225110925ÜYE ÝÞYERÝ ÜCRETÝ - TAKSÝT;-13,56;1.082.218,29
08.12.2025;1801374784X081225110925TAKSÝTSATIÞ;1179,96;1.082.231,85
07.12.2025;1801374784X071225101025ÜYE ÝÞYERÝ ÜCRETÝ - TAKSÝT (BSMV);-2,01;1.081.051,89
07.12.2025;1801374784X071225101025ÜYE ÝÞYERÝ ÜCRETÝ - TAKSÝT;-40,26;1.081.053,90
07.12.2025;1801374784X071225101025TAKSÝTSATIÞ;3502,31;1.081.094,16
07.12.2025;1801374784X071225211125PEÞÝNSATIÞ;299,90;1.077.591,85
07.12.2025;1801374784X071225091125ÜYE ÝÞYERÝ ÜCRETÝ - TAKSÝT (BSMV);-1,31;1.077.291,95
07.12.2025;1801374784X071225091125ÜYE ÝÞYERÝ ÜCRETÝ - TAKSÝT;-26,25;1.077.293,26
07.12.2025;1801374784X071225091125TAKSÝTLÝSATIÞKATKIPAYI;-68,49;1.077.319,51
07.12.2025;1801374784X071225091125TAKSÝTSATIÞ;2282,84;1.077.388,00
07.12.2025;1801374784X071225271025PEÞÝNSATIÞ;20472,10;1.075.105,16
06.12.2025;BSMV ELEKTRONÝK FON TRANSFERÝ (EFT) ÜCRETÝ-FAST/ENTEGRA BÝLÝÞÝM/Fenerium inte;-0,30;1.054.633,06
06.12.2025;ELEKTRONÝK FON TRANSFERÝ (EFT) ÜCRETÝ-FAST/ENTEGRA BÝLÝÞÝM/Fenerium inte;-6,09;1.054.633,36
06.12.2025;GÝDEN FAST - ENTEGRA BÝLÝÞÝM SANAYÝ VE TÝCARET A.Þ - Fenerium internet erisim faturasi odemesi entegra;-900,90;1.054.639,45
06.12.2025;1801374784X061225090925ÜYE ÝÞYERÝ ÜCRETÝ - TAKSÝT (BSMV);-0,81;1.055.540,35
06.12.2025;1801374784X061225090925ÜYE ÝÞYERÝ ÜCRETÝ - TAKSÝT;-16,28;1.055.541,16
06.12.2025;1801374784X061225090925TAKSÝTSATIÞ;1416,50;1.055.557,44
06.12.2025;1801374784X061225261025PEÞÝNSATIÞ;7579,60;1.054.140,94
06.12.2025;1801374784X061225201125PEÞÝNSATIÞ;1289,90;1.046.561,34
06.12.2025;1801374784X061225081125ÜYE ÝÞYERÝ ÜCRETÝ - TAKSÝT (BSMV);-1,10;1.045.271,44
06.12.2025;1801374784X061225081125ÜYE ÝÞYERÝ ÜCRETÝ - TAKSÝT;-22,04;1.045.272,54
06.12.2025;1801374784X061225081125TAKSÝTLÝSATIÞKATKIPAYI;-57,50;1.045.294,58
06.12.2025;1801374784X061225081125TAKSÝTSATIÞ;1916,64;1.045.352,08
06.12.2025;1801374784X061225091025ÜYE ÝÞYERÝ ÜCRETÝ - TAKSÝT (BSMV);-0,48;1.043.435,44
06.12.2025;1801374784X061225091025ÜYE ÝÞYERÝ ÜCRETÝ - TAKSÝT;-9,58;1.043.435,92
06.12.2025;1801374784X061225091025TAKSÝTSATIÞ;833,63;1.043.445,50
05.12.2025;BSMV ELEKTRONÝK FON TRANSFERÝ (EFT) ÜCRETÝ-FAST/ENTEGRA BÝLÝÞÝM/Fenerium inte;-0,30;1.042.611,87
05.12.2025;ELEKTRONÝK FON TRANSFERÝ (EFT) ÜCRETÝ-FAST/ENTEGRA BÝLÝÞÝM/Fenerium inte;-6,09;1.042.612,17
05.12.2025;GÝDEN FAST - ENTEGRA BÝLÝÞÝM SANAYÝ VE TÝCARET A.Þ - Fenerium internet erisim faturasi odemesi entegra;-900,90;1.042.618,26
05.12.2025;1801374784X051225191125PEÞÝNSATIÞKATKIPAYI;-4,03;1.043.519,16
05.12.2025;1801374784X051225191125PEÞÝNSATIÞ;3055,30;1.043.523,19
05.12.2025;1801374784X051225251025PEÞÝNSATIÞ;22316,56;1.040.467,89
04.12.2025;1801374784X041225241025PEÞÝNSATIÞ;7867,15;1.018.151,33
04.12.2025;1801374784X041225031225ÜYE ÝÞYERÝ ÜCRETÝ - PEÞÝN (BSMV);-1,70;1.010.284,18
04.12.2025;1801374784X041225031225ÜYE ÝÞYERÝ ÜCRETÝ - PEÞÝN;-33,99;1.010.285,88
04.12.2025;1801374784X041225031225PEÞÝNSATIÞ;1798,50;1.010.319,87
04.12.2025;1801374784X041225070925ÜYE ÝÞYERÝ ÜCRETÝ - TAKSÝT (BSMV);-0,18;1.008.521,37
04.12.2025;1801374784X041225070925ÜYE ÝÞYERÝ ÜCRETÝ - TAKSÝT;-3,64;1.008.521,55
04.12.2025;1801374784X041225070925TAKSÝTSATIÞ;316,65;1.008.525,19
04.12.2025;1801374784X041225061125ÜYE ÝÞYERÝ ÜCRETÝ - TAKSÝT (BSMV);-0,81;1.008.208,54
04.12.2025;1801374784X041225061125ÜYE ÝÞYERÝ ÜCRETÝ - TAKSÝT;-16,28;1.008.209,35
04.12.2025;1801374784X041225061125TAKSÝTLÝSATIÞKATKIPAYI;-42,50;1.008.225,63
04.12.2025;1801374784X041225061125TAKSÝTSATIÞ;1416,50;1.008.268,13
04.12.2025;1801374784X041225181125PEÞÝNSATIÞ;5589,95;1.006.851,63
03.12.2025;1801374784X031225060925ÜYE ÝÞYERÝ ÜCRETÝ - TAKSÝT (BSMV);-0,80;1.001.261,68
03.12.2025;1801374784X031225060925ÜYE ÝÞYERÝ ÜCRETÝ - TAKSÝT;-16,02;1.001.262,48
03.12.2025;1801374784X031225060925TAKSÝTSATIÞ;1393,40;1.001.278,50
03.12.2025;1801374784X031225021225ÜYE ÝÞYERÝ ÜCRETÝ - PEÞÝN (BSMV);-4,33;999.885,10
03.12.2025;1801374784X031225021225ÜYE ÝÞYERÝ ÜCRETÝ - PEÞÝN;-86,54;999.889,43
03.12.2025;1801374784X031225021225PEÞÝNSATIÞ;4579,45;999.975,97
03.12.2025;1801374784X031225171125PEÞÝNSATIÞ;5936,30;995.396,52
03.12.2025;1801374784X031225231025PEÞÝNSATIÞ;14423,45;989.460,22
02.12.2025;GELEN FAST - MUSTAFA ARDA GÜLSÜNLER - MUSTAFA ARDA GÜLSÜNLER tarafýndan aktarýlan;999,95;975.036,77
02.12.2025;1801374784X021225161125PEÞÝNSATIÞ;1465,30;974.036,82
02.12.2025;1801374784X021225011225ÜYE ÝÞYERÝ ÜCRETÝ - PEÞÝN (BSMV);-2,25;972.571,52
02.12.2025;1801374784X021225011225ÜYE ÝÞYERÝ ÜCRETÝ - PEÞÝN;-44,90;972.573,77
02.12.2025;1801374784X021225011225PEÞÝNSATIÞ;2375,90;972.618,67
02.12.2025;1801374784X021225221025PEÞÝNSATIÞ;17359,00;970.242,77
01.12.2025;1801374784X011225301025PEÞÝNSATIÞKATKIPAYI;-15,37;952.883,77
01.12.2025;1801374784X011225301025PEÞÝNSATIÞ;3074,35;952.899,14
01.12.2025;1801374784X011225151125PEÞÝNSATIÞKATKIPAYI;-5,00;949.824,79
01.12.2025;1801374784X011225151125PEÞÝNSATIÞ;11899,90;949.829,79
01.12.2025;1801374784X011225031125ÜYE ÝÞYERÝ ÜCRETÝ - TAKSÝT (BSMV);-0,77;937.929,89
01.12.2025;1801374784X011225031125ÜYE ÝÞYERÝ ÜCRETÝ - TAKSÝT;-15,44;937.930,66
01.12.2025;1801374784X011225031125TAKSÝTLÝSATIÞKATKIPAYI;-40,30;937.946,10
01.12.2025;1801374784X011225031125TAKSÝTSATIÞ;1343,18;937.986,40
01.12.2025;1801374784X011225211025PEÞÝNSATIÞ;13237,55;936.643,22
01.12.2025;1801374784X011225041025ÜYE ÝÞYERÝ ÜCRETÝ - TAKSÝT (BSMV);-0,59;923.405,67
01.12.2025;1801374784X011225041025ÜYE ÝÞYERÝ ÜCRETÝ - TAKSÝT;-11,73;923.406,26
01.12.2025;1801374784X011225041025TAKSÝTSATIÞ;1020,20;923.417,99
01.12.2025;1801374784X011225301125ÜYE ÝÞYERÝ ÜCRETÝ - PEÞÝN (BSMV);-8,26;922.397,79
01.12.2025;1801374784X011225301125ÜYE ÝÞYERÝ ÜCRETÝ - PEÞÝN;-165,36;922.406,05
01.12.2025;1801374784X011225301125PEÞÝNSATIÞ;8749,80;922.571,41
30.11.2025;GELEN FAST - RETURN DÝJÝTAL REKLAM VE DANIÞMANLIK LÝMÝTED ÞÝRKE - fener;1300,00;913.821,61
30.11.2025;1801374784X301125201025PEÞÝNSATIÞ;38092,21;912.521,61
30.11.2025;1801374784X301125141125PEÞÝNSATIÞKATKIPAYI;-3,00;874.429,40
30.11.2025;1801374784X301125141125PEÞÝNSATIÞ;8550,35;874.432,40
29.11.2025;1801374784X291125131125PEÞÝNSATIÞKATKIPAYI;-6,00;865.882,05
29.11.2025;1801374784X291125131125PEÞÝNSATIÞ;2350,85;865.888,05
29.11.2025;1801374784X291125011125ÜYE ÝÞYERÝ ÜCRETÝ - TAKSÝT (BSMV);-0,81;863.537,20
29.11.2025;1801374784X291125011125ÜYE ÝÞYERÝ ÜCRETÝ - TAKSÝT;-16,28;863.538,01
29.11.2025;1801374784X291125011125TAKSÝTLÝSATIÞKATKIPAYI;-42,50;863.554,29
29.11.2025;1801374784X291125011125TAKSÝTSATIÞ;1416,50;863.596,79
29.11.2025;1801374784X291125191025PEÞÝNSATIÞ;15844,00;862.180,29
29.11.2025;1801374784X291125021025ÜYE ÝÞYERÝ ÜCRETÝ - TAKSÝT (BSMV);-0,81;846.336,29
29.11.2025;1801374784X291125021025ÜYE ÝÞYERÝ ÜCRETÝ - TAKSÝT;-16,28;846.337,10
29.11.2025;1801374784X291125021025TAKSÝTSATIÞ;1416,50;846.353,38
29.11.2025;1801374784X291125281125ÜYE ÝÞYERÝ ÜCRETÝ - PEÞÝN (BSMV);-4,47;844.936,88
29.11.2025;1801374784X291125281125ÜYE ÝÞYERÝ ÜCRETÝ - PEÞÝN;-89,15;844.941,35
29.11.2025;1801374784X291125281125PEÞÝNSATIÞ;4719,10;845.030,50
29.11.2025;1801374784X291125281025PEÞÝNSATIÞKATKIPAYI;-21,25;840.311,40
29.11.2025;1801374784X291125281025PEÞÝNSATIÞ;4249,50;840.332,65
28.11.2025;BSMV ELEKTRONÝK FON TRANSFERÝ (EFT) ÜCRETÝ-FAST/erol tokan/19.11.2025 tarihli;-0,30;836.083,15
28.11.2025;ELEKTRONÝK FON TRANSFERÝ (EFT) ÜCRETÝ-FAST/erol tokan/19.11.2025 tarihli;-6,09;836.083,45
28.11.2025;GÝDEN FAST - erol tokan - 19.11.2025 tarihli 0042 nl u fiþin iadesine istinaden gönderilen tutar;-3749,00;836.089,54
28.11.2025;GELEN FAST - UMUT DÝRMENCÝ - ONUR KAPLAN ÜRÜN BEDELÝ;4199,00;839.838,54
28.11.2025;1801374784X281125121125PEÞÝNSATIÞKATKIPAYI;-22,25;835.639,54
28.11.2025;1801374784X281125121125PEÞÝNSATIÞ;5349,00;835.661,79
28.11.2025;1801374784X281125181025PEÞÝNSATIÞ;27998,83;830.312,79
27.11.2025;BSMV POS-1801374784 11/25 Belge ve Bilgilendirme Ücreti-Basýlý Ekstre;-1,75;802.313,96
27.11.2025;POS-1801374784 11/25 Belge ve Bilgilendirme Ücreti-Basýlý Ekstre;-35,00;802.315,71
27.11.2025;1801374784X271125111125PEÞÝNSATIÞKATKIPAYI;-4,75;802.350,71
27.11.2025;1801374784X271125111125PEÞÝNSATIÞ;10976,15;802.355,46
27.11.2025;1801374784X271125261025PEÞÝNSATIÞKATKIPAYI;-11,25;791.379,31
27.11.2025;1801374784X271125261025PEÞÝNSATIÞ;2249,45;791.390,56
27.11.2025;1801374784X271125171025PEÞÝNSATIÞ;25192,96;789.141,11
26.11.2025;1801374784X261125161025PEÞÝNSATIÞ;35617,70;763.948,15
26.11.2025;1801374784X261125101125PEÞÝNSATIÞ;1200,80;728.330,45
26.11.2025;1801374784X261125251025PEÞÝNSATIÞKATKIPAYI;-4,50;727.129,65
26.11.2025;1801374784X261125251025PEÞÝNSATIÞ;899,80;727.134,15
26.11.2025;1801374784X261125300825ÜYE ÝÞYERÝ ÜCRETÝ - TAKSÝT (BSMV);-1,12;726.234,35
26.11.2025;1801374784X261125300825ÜYE ÝÞYERÝ ÜCRETÝ - TAKSÝT;-22,41;726.235,47
26.11.2025;1801374784X261125300825TAKSÝTSATIÞ;1949,50;726.257,88
25.11.2025;BSMV ELEKTRONÝK FON TRANSFERÝ (EFT) ÜCRETÝ-FAST/cengizhan uyaro/GIB2025000000;-0,61;724.308,38
25.11.2025;ELEKTRONÝK FON TRANSFERÝ (EFT) ÜCRETÝ-FAST/cengizhan uyaro/GIB2025000000;-12,19;724.308,99
25.11.2025;GÝDEN FAST - cengizhan uyaroðlu - GIB2025000000011 NL FATURAYA ÝSTÝNADEN;-26090,00;724.321,18
25.11.2025;2425181907 TELEKOM;-167,25;750.411,18
25.11.2025;1801374784X251125091125PEÞÝNSATIÞ;5151,35;750.578,43
25.11.2025;1801374784X251125151025PEÞÝNSATIÞ;21298,40;745.427,08
24.11.2025;1801374784X241125231025PEÞÝNSATIÞKATKIPAYI;-6,50;724.128,68
24.11.2025;1801374784X241125231025PEÞÝNSATIÞ;1300,35;724.135,18
24.11.2025;1801374784X241125141025PEÞÝNSATIÞ;1900,46;722.834,83
24.11.2025;1801374784X241125081125PEÞÝNSATIÞKATKIPAYI;-10,50;720.934,37
24.11.2025;1801374784X241125081125PEÞÝNSATIÞ;7948,90;720.944,87
23.11.2025;1801374784X231125221025PEÞÝNSATIÞKATKIPAYI;-22,40;712.995,97
23.11.2025;1801374784X231125221025PEÞÝNSATIÞ;4481,30;713.018,37
23.11.2025;1801374784X231125270825ÜYE ÝÞYERÝ ÜCRETÝ - TAKSÝT (BSMV);-2,49;708.537,07
23.11.2025;1801374784X231125270825ÜYE ÝÞYERÝ ÜCRETÝ - TAKSÝT;-49,81;708.539,56
23.11.2025;1801374784X231125270825TAKSÝTSATIÞ;4331,82;708.589,37
23.11.2025;1801374784X231125071125PEÞÝNSATIÞKATKIPAYI;-11,00;704.257,55
23.11.2025;1801374784X231125071125PEÞÝNSATIÞ;6449,90;704.268,55
23.11.2025;1801374784X231125131025PEÞÝNSATIÞ;1560,85;697.818,65
22.11.2025;1801374784X221125061125PEÞÝNSATIÞ;4785,70;696.257,80
22.11.2025;1801374784X221125260825ÜYE ÝÞYERÝ ÜCRETÝ - TAKSÝT (BSMV);-0,83;691.472,10
22.11.2025;1801374784X221125260825ÜYE ÝÞYERÝ ÜCRETÝ - TAKSÝT;-16,57;691.472,93
22.11.2025;1801374784X221125260825TAKSÝTSATIÞ;1441,66;691.489,50
22.11.2025;1801374784X221125251025ÜYE ÝÞYERÝ ÜCRETÝ - TAKSÝT (BSMV);-0,33;690.047,84
22.11.2025;1801374784X221125251025ÜYE ÝÞYERÝ ÜCRETÝ - TAKSÝT;-6,51;690.048,17
22.11.2025;1801374784X221125251025TAKSÝTLÝSATIÞKATKIPAYI;-17,00;690.054,68
22.11.2025;1801374784X221125251025TAKSÝTSATIÞ;566,83;690.071,68
22.11.2025;1801374784X221125250925ÜYE ÝÞYERÝ ÜCRETÝ - TAKSÝT (BSMV);-0,17;689.504,85
22.11.2025;1801374784X221125250925ÜYE ÝÞYERÝ ÜCRETÝ - TAKSÝT;-3,45;689.505,02
22.11.2025;1801374784X221125250925TAKSÝTSATIÞ;300,22;689.508,47
22.11.2025;1801374784X221125121025PEÞÝNSATIÞ;10095,38;689.208,25
21.11.2025;1801374784X211125201025PEÞÝNSATIÞKATKIPAYI;-23,30;679.112,87
21.11.2025;1801374784X211125201025PEÞÝNSATIÞ;4659,50;679.136,17
21.11.2025;1801374784X211125201125ÜYE ÝÞYERÝ ÜCRETÝ - PEÞÝN (BSMV);-4,06;674.476,67
21.11.2025;1801374784X211125201125ÜYE ÝÞYERÝ ÜCRETÝ - PEÞÝN;-81,26;674.480,73
21.11.2025;1801374784X211125201125PEÞÝNSATIÞ;4300,30;674.561,99
21.11.2025;1801374784X211125240925ÜYE ÝÞYERÝ ÜCRETÝ - TAKSÝT (BSMV);-0,90;670.261,69
21.11.2025;1801374784X211125240925ÜYE ÝÞYERÝ ÜCRETÝ - TAKSÝT;-17,97;670.262,59
21.11.2025;1801374784X211125240925TAKSÝTSATIÞ;1563,16;670.280,56
21.11.2025;1801374784X211125051125PEÞÝNSATIÞ;7675,20;668.717,40
21.11.2025;1801374784X211125111025PEÞÝNSATIÞ;9918,55;661.042,20
20.11.2025;INT 455359******1405 2011 1210;-6835,00;651.123,65
20.11.2025;1801374784X201125101025PEÞÝNSATIÞ;14309,45;657.958,65
20.11.2025;1801374784X201125191125ÜYE ÝÞYERÝ ÜCRETÝ - PEÞÝN (BSMV);-5,21;643.649,20
20.11.2025;1801374784X201125191125ÜYE ÝÞYERÝ ÜCRETÝ - PEÞÝN;-104,30;643.654,41
20.11.2025;1801374784X201125191125PEÞÝNSATIÞ;5518,95;643.758,71
20.11.2025;1801374784X201125041125PEÞÝNSATIÞ;999,50;638.239,76
20.11.2025;1801374784X201125240825ÜYE ÝÞYERÝ ÜCRETÝ - TAKSÝT (BSMV);-0,61;637.240,26
20.11.2025;1801374784X201125240825ÜYE ÝÞYERÝ ÜCRETÝ - TAKSÝT;-12,17;637.240,87
20.11.2025;1801374784X201125240825TAKSÝTSATIÞ;1058,31;637.253,04
20.11.2025;1801374784X201125191025PEÞÝNSATIÞKATKIPAYI;-2,00;636.194,73
20.11.2025;1801374784X201125191025PEÞÝNSATIÞ;400,45;636.196,73
20.11.2025;1801374784X201125231025ÜYE ÝÞYERÝ ÜCRETÝ - TAKSÝT (BSMV);-0,90;635.796,28
20.11.2025;1801374784X201125231025ÜYE ÝÞYERÝ ÜCRETÝ - TAKSÝT;-18,09;635.797,18
20.11.2025;1801374784X201125231025TAKSÝTLÝSATIÞKATKIPAYI;-47,20;635.815,27
20.11.2025;1801374784X201125231025TAKSÝTSATIÞ;1573,43;635.862,47
19.11.2025;GELEN FAST - ALANYA FENERBAHÇELÝLER DERNEÐÝ - 1243-16100075 dan TR390006701000000055223824 a EFT;17426,00;634.289,04
19.11.2025;1801374784X191125181025PEÞÝNSATIÞKATKIPAYI;-3,00;616.863,04
19.11.2025;1801374784X191125181025PEÞÝNSATIÞ;599,80;616.866,04
19.11.2025;1801374784X191125091025PEÞÝNSATIÞ;22322,30;616.266,24
19.11.2025;1801374784X191125230825ÜYE ÝÞYERÝ ÜCRETÝ - TAKSÝT (BSMV);-0,81;593.943,94
19.11.2025;1801374784X191125230825ÜYE ÝÞYERÝ ÜCRETÝ - TAKSÝT;-16,28;593.944,75
19.11.2025;1801374784X191125230825TAKSÝTSATIÞ;1416,50;593.961,03
19.11.2025;1801374784X191125031125PEÞÝNSATIÞ;4949,90;592.544,53
19.11.2025;1801374784X191125220925ÜYE ÝÞYERÝ ÜCRETÝ - TAKSÝT (BSMV);-0,44;587.594,63
19.11.2025;1801374784X191125220925ÜYE ÝÞYERÝ ÜCRETÝ - TAKSÝT;-8,87;587.595,07
19.11.2025;1801374784X191125220925TAKSÝTSATIÞ;771,76;587.603,94
18.11.2025;GELEN FAST - BARIÞ ÝÇEN - Barýþ Ýçen tarafýndan TK050EFK01407 ürün kodlu XL Beden Fenerbahçe Lacivert Trib;1189,95;586.832,18
18.11.2025;1801374784X181125220825ÜYE ÝÞYERÝ ÜCRETÝ - TAKSÝT (BSMV);-0,81;585.642,23
18.11.2025;1801374784X181125220825ÜYE ÝÞYERÝ ÜCRETÝ - TAKSÝT;-16,28;585.643,04
18.11.2025;1801374784X181125220825TAKSÝTSATIÞ;1416,50;585.659,32
18.11.2025;1801374784X181125081025PEÞÝNSATIÞ;32319,90;584.242,82
18.11.2025;1801374784X181125021125PEÞÝNSATIÞKATKIPAYI;-36,25;551.922,92
18.11.2025;1801374784X181125021125PEÞÝNSATIÞ;7648,80;551.959,17
17.11.2025;1801374784X171125200925ÜYE ÝÞYERÝ ÜCRETÝ - TAKSÝT (BSMV);-0,39;544.310,37
17.11.2025;1801374784X171125200925ÜYE ÝÞYERÝ ÜCRETÝ - TAKSÝT;-7,75;544.310,76
17.11.2025;1801374784X171125200925TAKSÝTSATIÞ;674,25;544.318,51
17.11.2025;1801374784X171125071025PEÞÝNSATIÞ;16226,25;543.644,26
17.11.2025;1801374784X171125011125PEÞÝNSATIÞKATKIPAYI;-21,25;527.418,01
17.11.2025;1801374784X171125011125PEÞÝNSATIÞ;9675,15;527.439,26
17.11.2025;1801374784X171125161025PEÞÝNSATIÞKATKIPAYI;-45,85;517.764,11
17.11.2025;1801374784X171125161025PEÞÝNSATIÞ;9169,65;517.809,96
16.11.2025;1801374784X161125061025PEÞÝNSATIÞ;16518,60;508.640,31
16.11.2025;1801374784X161125151125ÜYE ÝÞYERÝ ÜCRETÝ - PEÞÝN (BSMV);-0,95;492.121,71
16.11.2025;1801374784X161125151125ÜYE ÝÞYERÝ ÜCRETÝ - PEÞÝN;-18,90;492.122,66
16.11.2025;1801374784X161125151125PEÞÝNSATIÞ;1000,40;492.141,56
16.11.2025;1801374784X161125190925ÜYE ÝÞYERÝ ÜCRETÝ - TAKSÝT (BSMV);-0,93;491.141,16
16.11.2025;1801374784X161125190925ÜYE ÝÞYERÝ ÜCRETÝ - TAKSÝT;-18,62;491.142,09
16.11.2025;1801374784X161125190925TAKSÝTSATIÞ;1619,83;491.160,71
16.11.2025;1801374784X161125200825ÜYE ÝÞYERÝ ÜCRETÝ - TAKSÝT (BSMV);-0,27;489.540,88
16.11.2025;1801374784X161125200825ÜYE ÝÞYERÝ ÜCRETÝ - TAKSÝT;-5,46;489.541,15
16.11.2025;1801374784X161125200825TAKSÝTSATIÞ;475,15;489.546,61
16.11.2025;1801374784X161125151025PEÞÝNSATIÞKATKIPAYI;-25,25;489.071,46
16.11.2025;1801374784X161125151025PEÞÝNSATIÞ;5050,30;489.096,71
15.11.2025;1801374784X151125141125ÜYE ÝÞYERÝ ÜCRETÝ - PEÞÝN (BSMV);-9,99;484.046,41
15.11.2025;1801374784X151125141125ÜYE ÝÞYERÝ ÜCRETÝ - PEÞÝN;-199,63;484.056,40
15.11.2025;1801374784X151125141125PEÞÝNSATIÞ;10562,95;484.256,03
15.11.2025;1801374784X151125051025PEÞÝNSATIÞ;12359,80;473.693,08
14.11.2025;1801374784X141125170925ÜYE ÝÞYERÝ ÜCRETÝ - TAKSÝT (BSMV);-0,55;461.333,28
14.11.2025;1801374784X141125170925ÜYE ÝÞYERÝ ÜCRETÝ - TAKSÝT;-10,92;461.333,83
14.11.2025;1801374784X141125170925TAKSÝTSATIÞ;949,75;461.344,75
14.11.2025;1801374784X141125180825ÜYE ÝÞYERÝ ÜCRETÝ - TAKSÝT (BSMV);-0,81;460.395,00
14.11.2025;1801374784X141125180825ÜYE ÝÞYERÝ ÜCRETÝ - TAKSÝT;-16,28;460.395,81
14.11.2025;1801374784X141125180825TAKSÝTSATIÞ;1416,50;460.412,09
14.11.2025;1801374784X141125041025PEÞÝNSATIÞ;32098,85;458.995,59
14.11.2025;1801374784X141125131025PEÞÝNSATIÞKATKIPAYI;-1,70;426.896,74
14.11.2025;1801374784X141125131025PEÞÝNSATIÞ;340,46;426.898,44
13.11.2025;1801374784X131125031025PEÞÝNSATIÞ;28512,80;426.557,98
13.11.2025;1801374784X131125121125ÜYE ÝÞYERÝ ÜCRETÝ - PEÞÝN (BSMV);-1,05;398.045,18
13.11.2025;1801374784X131125121125ÜYE ÝÞYERÝ ÜCRETÝ - PEÞÝN;-20,98;398.046,23
13.11.2025;1801374784X131125121125PEÞÝNSATIÞ;1110,35;398.067,21
13.11.2025;1801374784X131125121025PEÞÝNSATIÞKATKIPAYI;-5,00;396.956,86
13.11.2025;1801374784X131125121025PEÞÝNSATIÞ;999,50;396.961,86
12.11.2025;1801374784X121125150925ÜYE ÝÞYERÝ ÜCRETÝ - TAKSÝT (BSMV);-2,50;395.962,36
12.11.2025;1801374784X121125150925ÜYE ÝÞYERÝ ÜCRETÝ - TAKSÝT;-50,00;395.964,86
12.11.2025;1801374784X121125150925TAKSÝTSATIÞ;4349,81;396.014,86
12.11.2025;1801374784X121125021025PEÞÝNSATIÞ;24667,30;391.665,05
12.11.2025;1801374784X121125111025PEÞÝNSATIÞKATKIPAYI;-8,30;366.997,75
12.11.2025;1801374784X121125111025PEÞÝNSATIÞ;1659,40;367.006,05
12.11.2025;1801374784X121125160825ÜYE ÝÞYERÝ ÜCRETÝ - TAKSÝT (BSMV);-0,27;365.346,65
12.11.2025;1801374784X121125160825ÜYE ÝÞYERÝ ÜCRETÝ - TAKSÝT;-5,36;365.346,92
12.11.2025;1801374784X121125160825TAKSÝTSATIÞ;466,48;365.352,28
11.11.2025;BSMV ELEKTRONÝK FON TRANSFERÝ (EFT) ÜCRETÝ-FAST/ENTEGRA BÝLÝÞÝM/Fenerium inte;-0,30;364.885,80
11.11.2025;ELEKTRONÝK FON TRANSFERÝ (EFT) ÜCRETÝ-FAST/ENTEGRA BÝLÝÞÝM/Fenerium inte;-6,09;364.886,10
11.11.2025;GÝDEN FAST - ENTEGRA BÝLÝÞÝM SANAYÝ VE TÝCARET A.Þ - Fenerium internet erisim faturasi odemesi entegra;-900,90;364.892,19
11.11.2025;1801374784X111125011025PEÞÝNSATIÞ;21467,34;365.793,09
11.11.2025;1801374784X111125101025PEÞÝNSATIÞKATKIPAYI;-2,50;344.325,75
11.11.2025;1801374784X111125101025PEÞÝNSATIÞ;500,45;344.328,25
10.11.2025;1801374784X101125300925PEÞÝNSATIÞ;21345,55;343.827,80
10.11.2025;1801374784X101125130925ÜYE ÝÞYERÝ ÜCRETÝ - TAKSÝT (BSMV);-0,19;322.482,25
10.11.2025;1801374784X101125130925ÜYE ÝÞYERÝ ÜCRETÝ - TAKSÝT;-3,73;322.482,44
10.11.2025;1801374784X101125130925TAKSÝTSATIÞ;325,16;322.486,17
10.11.2025;1801374784X101125091025PEÞÝNSATIÞKATKIPAYI;-64,40;322.161,01
10.11.2025;1801374784X101125091025PEÞÝNSATIÞ;12879,30;322.225,41
09.11.2025;1801374784X091125290925PEÞÝNSATIÞ;18268,65;309.346,11
09.11.2025;1801374784X091125121025ÜYE ÝÞYERÝ ÜCRETÝ - TAKSÝT (BSMV);-1,22;291.077,46
09.11.2025;1801374784X091125121025ÜYE ÝÞYERÝ ÜCRETÝ - TAKSÝT;-24,38;291.078,68
09.11.2025;1801374784X091125121025TAKSÝTLÝSATIÞKATKIPAYI;-63,65;291.103,06
09.11.2025;1801374784X091125121025TAKSÝTSATIÞ;2121,64;291.166,71
09.11.2025;1801374784X091125081025PEÞÝNSATIÞKATKIPAYI;-16,25;289.045,07
09.11.2025;1801374784X091125081025PEÞÝNSATIÞ;3249,95;289.061,32
08.11.2025;1801374784X081125110925ÜYE ÝÞYERÝ ÜCRETÝ - TAKSÝT (BSMV);-0,68;285.811,37
08.11.2025;1801374784X081125110925ÜYE ÝÞYERÝ ÜCRETÝ - TAKSÝT;-13,56;285.812,05
08.11.2025;1801374784X081125110925TAKSÝTSATIÞ;1179,96;285.825,61
08.11.2025;1801374784X081125071025PEÞÝNSATIÞKATKIPAYI;-8,25;284.645,65
08.11.2025;1801374784X081125071025PEÞÝNSATIÞ;1650,90;284.653,90
08.11.2025;1801374784X081125280925PEÞÝNSATIÞ;10711,15;283.003,00
07.11.2025;1801374784X071125110825ÜYE ÝÞYERÝ ÜCRETÝ - TAKSÝT (BSMV);-1,09;272.291,85
07.11.2025;1801374784X071125110825ÜYE ÝÞYERÝ ÜCRETÝ - TAKSÝT;-21,84;272.292,94
07.11.2025;1801374784X071125110825TAKSÝTSATIÞ;1899,65;272.314,78
07.11.2025;1801374784X071125270925PEÞÝNSATIÞ;25637,70;270.415,13
07.11.2025;1801374784X071125101025ÜYE ÝÞYERÝ ÜCRETÝ - TAKSÝT (BSMV);-2,01;244.777,43
07.11.2025;1801374784X071125101025ÜYE ÝÞYERÝ ÜCRETÝ - TAKSÝT;-40,26;244.779,44
07.11.2025;1801374784X071125101025TAKSÝTLÝSATIÞKATKIPAYI;-105,07;244.819,70
07.11.2025;1801374784X071125101025TAKSÝTSATIÞ;3502,33;244.924,77
07.11.2025;1801374784X071125061025PEÞÝNSATIÞKATKIPAYI;-20,50;241.422,44
07.11.2025;1801374784X071125061025PEÞÝNSATIÞ;4100,85;241.442,94
06.11.2025;BSMV ELEKTRONÝK FON TRANSFERÝ (EFT) ÜCRETÝ-EFT/FENERBAHÇE SPOR/Alanya Feneriu;-7,62;237.342,09
06.11.2025;ELEKTRONÝK FON TRANSFERÝ (EFT) ÜCRETÝ-EFT/FENERBAHÇE SPOR/Alanya Feneriu;-152,35;237.349,71
06.11.2025;GÝDEN EFT - FENERBAHÇE SPOR ÜRÜNLERÝ SAN. ve TÝC.A.Þ. - Alanya Fenerium Cari Hesabýna mahsuben;-1250000,00;237.502,06
06.11.2025;1801374784X061125091025ÜYE ÝÞYERÝ ÜCRETÝ - TAKSÝT (BSMV);-0,48;1.487.502,06
06.11.2025;1801374784X061125091025ÜYE ÝÞYERÝ ÜCRETÝ - TAKSÝT;-9,58;1.487.502,54
06.11.2025;1801374784X061125091025TAKSÝTLÝSATIÞKATKIPAYI;-25,01;1.487.512,12
06.11.2025;1801374784X061125091025TAKSÝTSATIÞ;833,64;1.487.537,13
06.11.2025;1801374784X061125051025PEÞÝNSATIÞKATKIPAYI;-126,94;1.486.703,49
06.11.2025;1801374784X061125051025PEÞÝNSATIÞ;25385,50;1.486.830,43
06.11.2025;1801374784X061125090925ÜYE ÝÞYERÝ ÜCRETÝ - TAKSÝT (BSMV);-0,81;1.461.444,93
06.11.2025;1801374784X061125090925ÜYE ÝÞYERÝ ÜCRETÝ - TAKSÝT;-16,28;1.461.445,74
06.11.2025;1801374784X061125090925TAKSÝTSATIÞ;1416,50;1.461.462,02
06.11.2025;1801374784X061125260925PEÞÝNSATIÞ;16742,05;1.460.045,52
05.11.2025;1801374784X051125041025PEÞÝNSATIÞKATKIPAYI;-11,63;1.443.303,47
05.11.2025;1801374784X051125041025PEÞÝNSATIÞ;2325,50;1.443.315,10
05.11.2025;1801374784X051125250925PEÞÝNSATIÞ;1199,50;1.440.989,60
04.11.2025;1801374784X041125031025PEÞÝNSATIÞKATKIPAYI;-0,80;1.439.790,10
04.11.2025;1801374784X041125031025PEÞÝNSATIÞ;160,00;1.439.790,90
04.11.2025;1801374784X041125240925PEÞÝNSATIÞ;53696,55;1.439.630,90
04.11.2025;1801374784X041125070925ÜYE ÝÞYERÝ ÜCRETÝ - TAKSÝT (BSMV);-0,18;1.385.934,35
04.11.2025;1801374784X041125070925ÜYE ÝÞYERÝ ÜCRETÝ - TAKSÝT;-3,64;1.385.934,53
04.11.2025;1801374784X041125070925TAKSÝTSATIÞ;316,65;1.385.938,17
04.11.2025;1801374784X041125031125ÜYE ÝÞYERÝ ÜCRETÝ - PEÞÝN (BSMV);-3,92;1.385.621,52
04.11.2025;1801374784X041125031125ÜYE ÝÞYERÝ ÜCRETÝ - PEÞÝN;-78,39;1.385.625,44
04.11.2025;1801374784X041125031125PEÞÝNSATIÞ;4147,95;1.385.703,83
03.11.2025;1801374784X031125060925ÜYE ÝÞYERÝ ÜCRETÝ - TAKSÝT (BSMV);-0,80;1.381.555,88
03.11.2025;1801374784X031125060925ÜYE ÝÞYERÝ ÜCRETÝ - TAKSÝT;-16,02;1.381.556,68
03.11.2025;1801374784X031125060925TAKSÝTSATIÞ;1393,40;1.381.572,70
03.11.2025;1801374784X031125230925PEÞÝNSATIÞ;18075,70;1.380.179,30
03.11.2025;1801374784X031125021025PEÞÝNSATIÞKATKIPAYI;-45,72;1.362.103,60
03.11.2025;1801374784X031125021025PEÞÝNSATIÞ;9143,95;1.362.149,32
03.11.2025;1801374784X031125021125ÜYE ÝÞYERÝ ÜCRETÝ - PEÞÝN (BSMV);-4,56;1.353.005,37
03.11.2025;1801374784X031125021125ÜYE ÝÞYERÝ ÜCRETÝ - PEÞÝN;-91,26;1.353.009,93
03.11.2025;1801374784X031125021125PEÞÝNSATIÞ;4828,90;1.353.101,19
03.11.2025;1801374784X031125070825ÜYE ÝÞYERÝ ÜCRETÝ - TAKSÝT (BSMV);-1,02;1.348.272,29
03.11.2025;1801374784X031125070825ÜYE ÝÞYERÝ ÜCRETÝ - TAKSÝT;-20,33;1.348.273,31
03.11.2025;1801374784X031125070825TAKSÝTSATIÞ;1768,30;1.348.293,64
02.11.2025;1801374784X021125220925PEÞÝNSATIÞ;15637,14;1.346.525,34
02.11.2025;1801374784X021125011125ÜYE ÝÞYERÝ ÜCRETÝ - PEÞÝN (BSMV);-6,05;1.330.888,20
02.11.2025;1801374784X021125011125ÜYE ÝÞYERÝ ÜCRETÝ - PEÞÝN;-120,93;1.330.894,25
02.11.2025;1801374784X021125011125PEÞÝNSATIÞ;6398,50;1.331.015,18
02.11.2025;1801374784X021125011025PEÞÝNSATIÞKATKIPAYI;-5,00;1.324.616,68
02.11.2025;1801374784X021125011025PEÞÝNSATIÞ;1000,00;1.324.621,68
01.11.2025;1801374784X011125311025ÜYE ÝÞYERÝ ÜCRETÝ - PEÞÝN (BSMV);-4,02;1.323.621,68
01.11.2025;1801374784X011125311025ÜYE ÝÞYERÝ ÜCRETÝ - PEÞÝN;-80,31;1.323.625,70
01.11.2025;1801374784X011125311025PEÞÝNSATIÞ;4249,50;1.323.706,01
01.11.2025;1801374784X011125040925ÜYE ÝÞYERÝ ÜCRETÝ - TAKSÝT (BSMV);-0,29;1.319.456,51
01.11.2025;1801374784X011125040925ÜYE ÝÞYERÝ ÜCRETÝ - TAKSÝT;-5,74;1.319.456,80
01.11.2025;1801374784X011125040925TAKSÝTSATIÞ;499,75;1.319.462,54
01.11.2025;1801374784X011125050825ÜYE ÝÞYERÝ ÜCRETÝ - TAKSÝT (BSMV);-1,59;1.318.962,79
01.11.2025;1801374784X011125050825ÜYE ÝÞYERÝ ÜCRETÝ - TAKSÝT;-31,73;1.318.964,38
01.11.2025;1801374784X011125050825TAKSÝTSATIÞ;2759,48;1.318.996,11
01.11.2025;1801374784X011125300925PEÞÝNSATIÞKATKIPAYI;-29,00;1.316.236,63
01.11.2025;1801374784X011125300925PEÞÝNSATIÞ;5799,30;1.316.265,63
01.11.2025;1801374784X011125041025ÜYE ÝÞYERÝ ÜCRETÝ - TAKSÝT (BSMV);-0,59;1.310.466,33
01.11.2025;1801374784X011125041025ÜYE ÝÞYERÝ ÜCRETÝ - TAKSÝT;-11,73;1.310.466,92
01.11.2025;1801374784X011125041025TAKSÝTLÝSATIÞKATKIPAYI;-20,40;1.310.478,65
01.11.2025;1801374784X011125041025TAKSÝTSATIÞ;1020,20;1.310.499,05
01.11.2025;1801374784X011125210925PEÞÝNSATIÞ;27264,80;1.309.478,85
