Tarih;Açýklama;Tutar;Bakiye
31.12.2025;001116426 YD-DB AKPOS PES ODE 20251201;264,00;477.493,01
31.12.2025;001116426 AK-DT AKPOS PES ODE 20251216;435,00;477.229,01
31.12.2025;001116426 YI-DB AKPOS PES ODE 20251216;4.372,32;476.794,01
31.12.2025;001116426 AK-DB AKPOS PES ODE 20251216;150,00;472.421,69
31.12.2025;001116426 YI-VS AKPOS PES ODE 20251121;125,00;472.271,69
31.12.2025;001116426 AX-MC AKPOS PES ODE 20251121;18.411,00;472.146,69
31.12.2025;001116426 YD-VS AKPOS PES ODE 20251201;625,50;453.735,69
31.12.2025;001116426 YD-EC AKPOS PES ODE 20251201;1.532,00;453.110,19
31.12.2025;001116426 YI-TD AKPOS PES ODE 20251216;440,00;451.578,19
31.12.2025;001116426 YI-EC AKPOS PES ODE 20251121;3.650,00;451.138,19
30.12.2025;001116426 YI-DB AKPOS PES ODE 20251215;280,00;447.488,19
30.12.2025;001116426 YI-TY AKPOS PES ODE 20251120;950,00;447.208,19
30.12.2025;001116426 YI-EC AKPOS PES ODE 20251120;1.360,00;446.258,19
30.12.2025;001116426 YI-VS AKPOS PES ODE 20251120;350,00;444.898,19
29.12.2025;001116426 YI-EC AKPOS PES ODE 20251119;1.700,00;444.548,19
29.12.2025;001116426 YI-TY AKPOS PES ODE 20251119;75,00;442.848,19
29.12.2025;001116426 YI-TD AKPOS PES ODE 20251214;1.360,01;442.773,19
29.12.2025;001116426 YI-VS AKPOS PES ODE 20251119;760,00;441.413,18
29.12.2025;001116426 YI-DB AKPOS PES ODE 20251214;1.560,00;440.653,18
28.12.2025;001116426 YI-TD AKPOS PES ODE 20251213;3.555,00;439.093,18
28.12.2025;001116426 YI-DB AKPOS PES ODE 20251213;835,00;435.538,18
28.12.2025;001116426 YI-TY AKPOS PES ODE 20251118;380,00;434.703,18
28.12.2025;001116426 YI-EC AKPOS PES ODE 20251118;19.604,04;434.323,18
28.12.2025;001116426 YD-EC AKPOS PES ODE 20251128;165,00;414.719,14
28.12.2025;001116426 YI-VS AKPOS PES ODE 20251118;6.305,00;414.554,14
27.12.2025;001116426 YI-EC AKPOS PES ODE 20251117;60,00;408.249,14
27.12.2025;001116426 YI-DB AKPOS PES ODE 20251212;230,00;408.189,14
26.12.2025;001116426 YI-VS AKPOS PES ODE 20251116;350,00;407.959,14
26.12.2025;001116426 YI-TD AKPOS PES ODE 20251211;172,00;407.609,14
26.12.2025;001116426 YI-EC AKPOS PES ODE 20251116;75,00;407.437,14
25.12.2025;001116426 AK-DT AKPOS PES ODE 20251210;1.125,00;407.362,14
25.12.2025;001116426 YI-DB AKPOS PES ODE 20251210;400,00;406.237,14
25.12.2025;001116426 YI-EC AKPOS PES ODE 20251115;650,00;405.837,14
25.12.2025;001116426 YI-TD AKPOS PES ODE 20251210;1.130,10;405.187,14
25.12.2025;001116426 YI-TY AKPOS PES ODE 20251115;4.000,00;404.057,04
25.12.2025;001116426 YI-VS AKPOS PES ODE 20251115;1.070,00;400.057,04
25.12.2025;001116426 AK-DB AKPOS PES ODE 20251210;200,00;398.987,04
24.12.2025;001116426 YI-DB AKPOS PES ODE 20251209;235,00;398.787,04
24.12.2025;001116426 YI-TY AKPOS PES ODE 20251114;455,00;398.552,04
24.12.2025;001116426 AX-VS AKPOS PES ODE 20251114;800,00;398.097,04
24.12.2025;001116426 YI-VS AKPOS PES ODE 20251114;280,00;397.297,04
24.12.2025;001116426 AX-MC AKPOS PES ODE 20251114;15.000,00;397.017,04
24.12.2025;001116426 YI-TD AKPOS PES ODE 20251209;300,00;382.017,04
24.12.2025;001116426 YI-EC AKPOS PES ODE 20251114;1.000,00;381.717,04
23.12.2025;001116426 YI-EC AKPOS PES ODE 20251113;5.936,25;380.717,04
22.12.2025;001116426 YI-TY AKPOS PES ODE 20251112;8.033,50;374.780,79
22.12.2025;001116426 YI-TD AKPOS PES ODE 20251207;450,00;366.747,29
22.12.2025;001116426 AX-MC AKPOS PES ODE 20251112;150,00;366.297,29
22.12.2025;001116426 YI-DB AKPOS PES ODE 20251207;3.292,60;366.147,29
22.12.2025;001116426 YI-VS AKPOS PES ODE 20251112;152.431,51;362.854,69
21.12.2025;001116426 YI-TD AKPOS PES ODE 20251206;4.500,00;210.423,18
21.12.2025;001116426 YI-VS AKPOS PES ODE 20251111;22.300,51;205.923,18
21.12.2025;001116426 YI-TY AKPOS PES ODE 20251111;1.450,00;183.622,67
21.12.2025;001116426 YI-EC AKPOS PES ODE 20251111;32.899,32;182.172,67
21.12.2025;001116426 YI-DB AKPOS PES ODE 20251206;1.871,36;149.273,35
21.12.2025;001116426 AX-MC AKPOS PES ODE 20251111;1.850,00;147.401,99
21.12.2025;001116426 AX-TY AKPOS PES ODE 20251111;1.400,00;145.551,99
20.12.2025;001116426 YI-EC AKPOS PES ODE 20251110;3.090,00;144.151,99
20.12.2025;001116426 AX-TY AKPOS PES ODE 20251110;240,00;141.061,99
20.12.2025;001116426 YI-VS AKPOS PES ODE 20251110;2.300,00;140.821,99
20.12.2025;001116426 YI-TY AKPOS PES ODE 20251110;500,00;138.521,99
20.12.2025;001116426 AX-MC AKPOS PES ODE 20251110;2.300,00;138.021,99
20.12.2025;001116426 YI-DB AKPOS PES ODE 20251205;1.055,00;135.721,99
19.12.2025;001116426 YI-EC AKPOS PES ODE 20251109;455,00;134.666,99
19.12.2025;001116426 AX-MC AKPOS PES ODE 20251109;695,00;134.211,99
19.12.2025;001116426 YI-DB AKPOS PES ODE 20251204;1.225,00;133.516,99
19.12.2025;001116426 YI-TY AKPOS PES ODE 20251109;590,00;132.291,99
19.12.2025;001116426 YI-VS AKPOS PES ODE 20251109;900,00;131.701,99
18.12.2025;001116426 YI-TD AKPOS PES ODE 20251203;1.080,00;130.801,99
18.12.2025;001116426 AK-DB AKPOS PES ODE 20251203;300,00;129.721,99
18.12.2025;001116426 YI-DB AKPOS PES ODE 20251203;3.226,00;129.421,99
18.12.2025;001116426 YI-TY AKPOS PES ODE 20251108;100,00;126.195,99
18.12.2025;001116426 AX-MC AKPOS PES ODE 20251108;1.240,00;126.095,99
18.12.2025;001116426 YI-VS AKPOS PES ODE 20251108;1.990,00;124.855,99
18.12.2025;001116426 YI-EC AKPOS PES ODE 20251108;2.704,00;122.865,99
17.12.2025;001116426 AX-TY AKPOS PES ODE 20251107;225,00;120.161,99
17.12.2025;001116426 AX-MC AKPOS PES ODE 20251107;260,00;119.936,99
17.12.2025;001116426 YI-DB AKPOS PES ODE 20251202;1.079,00;119.676,99
17.12.2025;001116426 YI-TY AKPOS PES ODE 20251107;850,00;118.597,99
17.12.2025;001116426 YI-EC AKPOS PES ODE 20251107;2.925,00;117.747,99
16.12.2025;001116426 YI-TD AKPOS PES ODE 20251201;914,40;114.822,99
16.12.2025;001116426 AX-TY AKPOS PES ODE 20251106;125,00;113.908,59
16.12.2025;001116426 YI-TY AKPOS PES ODE 20251106;4.766,97;113.783,59
16.12.2025;001116426 YI-VS AKPOS PES ODE 20251106;2.730,00;109.016,62
16.12.2025;001116426 YI-EC AKPOS PES ODE 20251106;1.810,00;106.286,62
16.12.2025;001116426 YI-DB AKPOS PES ODE 20251201;3.168,30;104.476,62
15.12.2025;001116426 YI-TY AKPOS PES ODE 20251105;500,00;101.308,32
15.12.2025;001116426 YI-EC AKPOS PES ODE 20251105;3.265,00;100.808,32
15.12.2025;001116426 YI-DB AKPOS PES ODE 20251130;11.126,00;97.543,32
15.12.2025;001116426 AX-MC AKPOS PES ODE 20251105;355,00;86.417,32
15.12.2025;001116426 YI-VS AKPOS PES ODE 20251105;1.800,00;86.062,32
14.12.2025;001116426 YI-VS AKPOS PES ODE 20251104;28.000,00;84.262,32
14.12.2025;001116426 YI-TY AKPOS PES ODE 20251104;270,00;56.262,32
14.12.2025;001116426 YI-DB AKPOS PES ODE 20251129;455,00;55.992,32
14.12.2025;001116426 YI-EC AKPOS PES ODE 20251104;5.058,75;55.537,32
14.12.2025;001116426 YI-TD AKPOS PES ODE 20251129;684,00;50.478,57
13.12.2025;001116426 YI-TD AKPOS PES ODE 20251128;1.740,00;49.794,57
13.12.2025;001116426 YI-VS AKPOS PES ODE 20251103;2.410,00;48.054,57
13.12.2025;001116426 AX-TY AKPOS PES ODE 20251103;3.000,00;45.644,57
13.12.2025;001116426 YI-DB AKPOS PES ODE 20251128;2.284,77;42.644,57
12.12.2025;001116426 YI-DB AKPOS PES ODE 20251127;1.385,00;40.359,80
12.12.2025;001116426 YI-EC AKPOS PES ODE 20251102;425,00;38.974,80
12.12.2025;001116426 YI-VS AKPOS PES ODE 20251102;450,00;38.549,80
11.12.2025;001116426 YI-EC AKPOS PES ODE 20251101;1.440,00;38.099,80
11.12.2025;001116426 AK-DB AKPOS PES ODE 20251126;326,00;36.659,80
11.12.2025;001116426 AK-DT AKPOS PES ODE 20251126;1.508,00;36.333,80
11.12.2025;001116426 YI-TD AKPOS PES ODE 20251126;1.376,50;34.825,80
11.12.2025;001116426 YI-DB AKPOS PES ODE 20251101;960,00;33.449,30
11.12.2025;001116426 YI-VS AKPOS PES ODE 20251101;2.925,00;32.489,30
11.12.2025;001116426 AK-DT AKPOS PES ODE 20251101;1.382,00;29.564,30
11.12.2025;001116426 YI-TY AKPOS PES ODE 20251101;540,00;28.182,30
11.12.2025;001116426 YI-TD AKPOS PES ODE 20251101;535,00;27.642,30
11.12.2025;001116426 YI-DB AKPOS PES ODE 20251126;17.514,50;27.107,30
10.12.2025;001116426 AK-DB AKPOS PES ODE 20251125;182,00;9.592,80
10.12.2025;001116426 YI-DB AKPOS PES ODE 20251031;380,00;9.410,80
10.12.2025;001116426 YD-DB AKPOS PES ODE 20251110;175,00;9.030,80
10.12.2025;001116426 AX-TY AKPOS PES ODE 20251031;200,00;8.855,80
10.12.2025;001116426 YI-EC AKPOS PES ODE 20251031;3.995,00;8.655,80
10.12.2025;001116426 YI-DB AKPOS PES ODE 20251125;1.531,35;4.660,80
10.12.2025;001116426 YI-TD AKPOS PES ODE 20251125;1.030,21;3.129,45
10.12.2025;001116426 YI-VS AKPOS PES ODE 20251031;660,00;2.099,24
10.12.2025;001116426 YI-TY AKPOS PES ODE 20251031;1.360,00;1.439,24
09.12.2025;777/KÝÞ-EFT BSMV;-7,62;79,24
09.12.2025;777/KÝÞ-EFT KOMÝSYONU;-152,35;86,86
09.12.2025;777/KÝÞ-4874196-ALANYA ÖZKAN KIRTASÝYE LTD.-AKBANK TAN ALBARAKA HS EFT;-1.624.000,00;239,21
09.12.2025;001116426 YI-VS AKPOS PES ODE 20251030;7.800,00;1.624.239,21
09.12.2025;001116426 YI-DB AKPOS PES ODE 20251030;1.255,00;1.616.439,21
09.12.2025;001116426 YI-EC AKPOS PES ODE 20251030;3.850,00;1.615.184,21
09.12.2025;001116426 YI-TD AKPOS PES ODE 20251030;205,00;1.611.334,21
08.12.2025;001116426 YI-TD AKPOS PES ODE 20251029;75,00;1.611.129,21
08.12.2025;001116426 YI-TD AKPOS PES ODE 20251123;280,00;1.611.054,21
08.12.2025;001116426 YI-TY AKPOS PES ODE 20251029;5.254,40;1.610.774,21
08.12.2025;001116426 YI-DB AKPOS PES ODE 20251123;350,00;1.605.519,81
08.12.2025;001116426 YD-EC AKPOS PES ODE 20251108;264,00;1.605.169,81
08.12.2025;001116426 YI-EC AKPOS PES ODE 20251029;270,00;1.604.905,81
07.12.2025;001116426 YI-DB AKPOS PES ODE 20251028;460,00;1.604.635,81
07.12.2025;001116426 AK-DB AKPOS PES ODE 20251028;235,00;1.604.175,81
07.12.2025;001116426 YI-TY AKPOS PES ODE 20251028;15.000,00;1.603.940,81
07.12.2025;001116426 YI-DB AKPOS PES ODE 20251122;2.110,00;1.588.940,81
07.12.2025;001116426 YI-VS AKPOS PES ODE 20251028;150,00;1.586.830,81
07.12.2025;001116426 YI-EC AKPOS PES ODE 20251028;105,00;1.586.680,81
06.12.2025;001116426 YI-VS AKPOS PES ODE 20251027;325,00;1.586.575,81
06.12.2025;001116426 YI-DB AKPOS PES ODE 20251121;655,00;1.586.250,81
05.12.2025;001116426 YI-EC AKPOS PES ODE 20251026;915,00;1.585.595,81
05.12.2025;001116426 YI-VS AKPOS PES ODE 20251026;580,00;1.584.680,81
05.12.2025;001116426 YI-DB AKPOS PES ODE 20251026;1.020,00;1.584.100,81
05.12.2025;001116426 AK-DB AKPOS PES ODE 20251026;250,00;1.583.080,81
05.12.2025;001116426 YI-TD AKPOS PES ODE 20251120;750,00;1.582.830,81
05.12.2025;001116426 YI-DB AKPOS PES ODE 20251120;1.284,58;1.582.080,81
05.12.2025;001116426 AK-DB AKPOS PES ODE 20251120;50,00;1.580.796,23
04.12.2025;001116426 AX-VS AKPOS PES ODE 20251025;725,00;1.580.746,23
04.12.2025;001116426 YI-DB AKPOS PES ODE 20251025;2.600,00;1.580.021,23
04.12.2025;001116426 YI-EC AKPOS PES ODE 20251025;30.570,00;1.577.421,23
04.12.2025;001116426 YD-VS AKPOS PES ODE 20251104;710,00;1.546.851,23
04.12.2025;001116426 YI-DB AKPOS PES ODE 20251119;1.150,00;1.546.141,23
04.12.2025;001116426 YI-TY AKPOS PES ODE 20251025;555,00;1.544.991,23
04.12.2025;001116426 YI-TD AKPOS PES ODE 20251025;505,00;1.544.436,23
04.12.2025;001116426 AX-MC AKPOS PES ODE 20251025;505,00;1.543.931,23
04.12.2025;001116426 YI-VS AKPOS PES ODE 20251025;18.450,00;1.543.426,23
03.12.2025;001116426 YI-TD AKPOS PES ODE 20251024;250,00;1.524.976,23
03.12.2025;001116426 YI-VS AKPOS PES ODE 20251024;2.135,00;1.524.726,23
03.12.2025;001116426 YI-EC AKPOS PES ODE 20251024;2.200,00;1.522.591,23
03.12.2025;001116426 YI-DB AKPOS PES ODE 20251024;320,00;1.520.391,23
02.12.2025;001116426 AX-MC AKPOS PES ODE 20251023;630,00;1.520.071,23
02.12.2025;001116426 YI-TD AKPOS PES ODE 20251023;455,00;1.519.441,23
02.12.2025;001116426 YI-TY AKPOS PES ODE 20251023;450,00;1.518.986,23
02.12.2025;001116426 YI-DB AKPOS PES ODE 20251117;285,00;1.518.536,23
02.12.2025;001116426 YI-VS AKPOS PES ODE 20251023;1.000,00;1.518.251,23
02.12.2025;001116426 YI-DB AKPOS PES ODE 20251023;340,00;1.517.251,23
02.12.2025;001116426 YD-VS AKPOS PES ODE 20251102;310,00;1.516.911,23
02.12.2025;001116426 YI-EC AKPOS PES ODE 20251023;500,00;1.516.601,23
01.12.2025;ÖKC BÜT.HIZ.ÜCR-001116426-01.12.2025;-1.800,00;1.516.101,23
01.12.2025;001116426 YI-DB AKPOS PES ODE 20251116;180,00;1.517.901,23
01.12.2025;001116426 AX-MC AKPOS PES ODE 20251022;370,00;1.517.721,23
01.12.2025;001116426 YI-DB AKPOS PES ODE 20251022;1.060,00;1.517.351,23
01.12.2025;001116426 YI-TD AKPOS PES ODE 20251022;150,00;1.516.291,23
30.11.2025;001116426 YI-EC AKPOS PES ODE 20251021;1.930,00;1.516.141,23
30.11.2025;001116426 AK-DB AKPOS PES ODE 20251021;300,00;1.514.211,23
30.11.2025;001116426 YI-VS AKPOS PES ODE 20251021;250,00;1.513.911,23
30.11.2025;001116426 AK-DB AKPOS PES ODE 20251115;360,00;1.513.661,23
30.11.2025;001116426 YI-DB AKPOS PES ODE 20251115;400,00;1.513.301,23
30.11.2025;001116426 YI-DB AKPOS PES ODE 20251021;2.430,00;1.512.901,23
30.11.2025;001116426 AX-MC AKPOS PES ODE 20251021;100,00;1.510.471,23
29.11.2025;001116426 YD-DB AKPOS PES ODE 20251030;3.000,00;1.510.371,23
29.11.2025;001116426 YI-DB AKPOS PES ODE 20251114;1.025,00;1.507.371,23
28.11.2025;001116426 FAST POS ODEME-YI KS:3.27 TL;296,73;1.506.346,23
28.11.2025;001116426 AK-DB AKPOS PES ODE 20251019;450,00;1.506.049,50
28.11.2025;001116426 YI-DB AKPOS PES ODE 20251019;1.375,00;1.505.599,50
28.11.2025;001116426 YI-TD AKPOS PES ODE 20251113;80,00;1.504.224,50
28.11.2025;001116426 YI-TY AKPOS PES ODE 20251019;21.403,26;1.504.144,50
28.11.2025;001116426 YI-VS AKPOS PES ODE 20251019;2.230,00;1.482.741,24
28.11.2025;001116426 YI-DB AKPOS PES ODE 20251113;1.240,00;1.480.511,24
28.11.2025;001116426 AX-MC AKPOS PES ODE 20251019;725,00;1.479.271,24
27.11.2025;001116426 YD-EC AKPOS PES ODE 20251028;385,00;1.478.546,24
27.11.2025;001116426 YI-EC AKPOS PES ODE 20251018;845,00;1.478.161,24
27.11.2025;001116426 YI-TY AKPOS PES ODE 20251018;1.800,00;1.477.316,24
27.11.2025;001116426 YI-DB AKPOS PES ODE 20251112;75,00;1.475.516,24
27.11.2025;001116426 AX-MC AKPOS PES ODE 20251018;21.851,89;1.475.441,24
27.11.2025;001116426 YI-DB AKPOS PES ODE 20251018;880,00;1.453.589,35
27.11.2025;001116426 YI-VS AKPOS PES ODE 20251018;785,00;1.452.709,35
26.11.2025;001116426 YI-DB AKPOS PES ODE 20251017;2.280,00;1.451.924,35
26.11.2025;001116426 YI-TY AKPOS PES ODE 20251017;5.850,00;1.449.644,35
26.11.2025;001116426 YI-VS AKPOS PES ODE 20251017;6.900,00;1.443.794,35
26.11.2025;001116426 YI-EC AKPOS PES ODE 20251017;24.750,00;1.436.894,35
26.11.2025;001116426 YI-DB AKPOS PES ODE 20251111;2.870,00;1.412.144,35
25.11.2025;001116426 YI-DB AKPOS PES ODE 20251110;625,00;1.409.274,35
25.11.2025;001116426 YI-TD AKPOS PES ODE 20251016;370,00;1.408.649,35
25.11.2025;001116426 YI-TY AKPOS PES ODE 20251016;240,00;1.408.279,35
25.11.2025;001116426 AX-MC AKPOS PES ODE 20251016;1.784,48;1.408.039,35
25.11.2025;001116426 YI-TD AKPOS PES ODE 20251110;500,00;1.406.254,87
25.11.2025;001116426 YI-VS AKPOS PES ODE 20251016;3.700,00;1.405.754,87
25.11.2025;001116426 YI-EC AKPOS PES ODE 20251016;400,00;1.402.054,87
25.11.2025;001116426 YI-DB AKPOS PES ODE 20251016;400,00;1.401.654,87
24.11.2025;001116426 YI-VS AKPOS PES ODE 20251015;52.395,00;1.401.254,87
24.11.2025;001116426 YI-TD AKPOS PES ODE 20251015;125,00;1.348.859,87
24.11.2025;001116426 YI-DB AKPOS PES ODE 20251109;375,00;1.348.734,87
24.11.2025;001116426 AK-DT AKPOS PES ODE 20251015;200,00;1.348.359,87
24.11.2025;001116426 YI-TD AKPOS PES ODE 20251109;920,00;1.348.159,87
23.11.2025;001116426 YI-TD AKPOS PES ODE 20251014;280,00;1.347.239,87
23.11.2025;001116426 AX-VS AKPOS PES ODE 20251014;180,00;1.346.959,87
23.11.2025;001116426 YI-DB AKPOS PES ODE 20251108;1.823,00;1.346.779,87
23.11.2025;001116426 YI-EC AKPOS PES ODE 20251014;125,00;1.344.956,87
23.11.2025;001116426 YI-VS AKPOS PES ODE 20251014;300,00;1.344.831,87
23.11.2025;001116426 YI-DB AKPOS PES ODE 20251014;440,00;1.344.531,87
22.11.2025;001116426 YI-TD AKPOS PES ODE 20251107;70,00;1.344.091,87
22.11.2025;001116426 YD-VS AKPOS PES ODE 20251023;200,00;1.344.021,87
22.11.2025;001116426 YI-EC AKPOS PES ODE 20251013;3.325,00;1.343.821,87
22.11.2025;001116426 YI-DB AKPOS PES ODE 20251107;330,00;1.340.496,87
22.11.2025;001116426 YD-DB AKPOS PES ODE 20251023;1.450,00;1.340.166,87
21.11.2025;001116426 YI-EC AKPOS PES ODE 20251012;10.000,00;1.338.716,87
21.11.2025;001116426 YI-TY AKPOS PES ODE 20251012;27.370,00;1.328.716,87
21.11.2025;001116426 YD-DB AKPOS PES ODE 20251022;970,00;1.301.346,87
21.11.2025;001116426 AX-MC AKPOS PES ODE 20251012;775,00;1.300.376,87
21.11.2025;001116426 YI-DB AKPOS PES ODE 20251012;200,00;1.299.601,87
21.11.2025;001116426 YI-VS AKPOS PES ODE 20251012;2.960,00;1.299.401,87
21.11.2025;001116426 YI-DB AKPOS PES ODE 20251106;730,00;1.296.441,87
21.11.2025;001116426 AK-DB AKPOS PES ODE 20251012;900,00;1.295.711,87
20.11.2025;001116426 YI-VS AKPOS PES ODE 20251011;60.175,00;1.294.811,87
20.11.2025;001116426 AX-MC AKPOS PES ODE 20251011;290,00;1.234.636,87
20.11.2025;001116426 YD-DB AKPOS PES ODE 20251021;250,00;1.234.346,87
20.11.2025;001116426 YI-DB AKPOS PES ODE 20251105;740,00;1.234.096,87
20.11.2025;001116426 YI-TY AKPOS PES ODE 20251011;325,00;1.233.356,87
20.11.2025;001116426 YI-TD AKPOS PES ODE 20251105;700,00;1.233.031,87
20.11.2025;001116426 YI-DB AKPOS PES ODE 20251011;570,00;1.232.331,87
20.11.2025;001116426 YI-EC AKPOS PES ODE 20251011;18.571,59;1.231.761,87
19.11.2025;001116426 AX-MC AKPOS PES ODE 20251010;540,00;1.213.190,28
19.11.2025;001116426 YI-DB AKPOS PES ODE 20251104;180,00;1.212.650,28
19.11.2025;001116426 YI-TD AKPOS PES ODE 20251010;2.075,00;1.212.470,28
19.11.2025;001116426 YI-DB AKPOS PES ODE 20251010;1.241,85;1.210.395,28
19.11.2025;001116426 YI-VS AKPOS PES ODE 20251010;3.301,31;1.209.153,43
19.11.2025;001116426 YI-EC AKPOS PES ODE 20251010;5.970,00;1.205.852,12
19.11.2025;001116426 YI-TY AKPOS PES ODE 20251010;302,00;1.199.882,12
18.11.2025;001116426 AX-MC AKPOS PES ODE 20251009;850,00;1.199.580,12
18.11.2025;001116426 YI-DB AKPOS PES ODE 20251009;705,00;1.198.730,12
18.11.2025;001116426 YI-EC AKPOS PES ODE 20251009;225,00;1.198.025,12
18.11.2025;001116426 YI-TY AKPOS PES ODE 20251009;300,00;1.197.800,12
18.11.2025;001116426 YI-VS AKPOS PES ODE 20251009;685,00;1.197.500,12
17.11.2025;001116426 YI-TD AKPOS PES ODE 20251008;700,00;1.196.815,12
17.11.2025;001116426 YI-VS AKPOS PES ODE 20251008;460,00;1.196.115,12
17.11.2025;001116426 YI-EC AKPOS PES ODE 20251008;280,00;1.195.655,12
17.11.2025;001116426 YD-DB AKPOS PES ODE 20251018;760,00;1.195.375,12
17.11.2025;001116426 AX-MC AKPOS PES ODE 20251008;605,00;1.194.615,12
17.11.2025;001116426 YI-TY AKPOS PES ODE 20251008;1.500,00;1.194.010,12
16.11.2025;001116426 YI-VS AKPOS PES ODE 20251007;760,00;1.192.510,12
16.11.2025;001116426 YI-EC AKPOS PES ODE 20251007;1.600,00;1.191.750,12
16.11.2025;001116426 YI-TD AKPOS PES ODE 20251007;410,00;1.190.150,12
16.11.2025;001116426 YI-DB AKPOS PES ODE 20251007;1.910,00;1.189.740,12
15.11.2025;001116426 FAST POS ODEME-YI KS:7.52 TL;682,48;1.187.830,12
15.11.2025;001116426 YI-VS AKPOS PES ODE 20251006;4.018,00;1.187.147,64
15.11.2025;001116426 YI-DB AKPOS PES ODE 20251006;1.757,00;1.183.129,64
15.11.2025;001116426 YI-TD AKPOS PES ODE 20251006;50,00;1.181.372,64
15.11.2025;001116426 AX-VS AKPOS PES ODE 20251006;350,00;1.181.322,64
15.11.2025;001116426 AK-DB AKPOS PES ODE 20251006;340,00;1.180.972,64
15.11.2025;001116426 AX-MC AKPOS PES ODE 20251006;412,00;1.180.632,64
15.11.2025;001116426 YI-EC AKPOS PES ODE 20251006;8.002,00;1.180.220,64
15.11.2025;001116426 YI-TY AKPOS PES ODE 20251006;1.487,00;1.172.218,64
14.11.2025;001116426 YI-DB AKPOS PES ODE 20251005;8.356,00;1.170.731,64
14.11.2025;001116426 YI-TY AKPOS PES ODE 20251005;620,00;1.162.375,64
14.11.2025;001116426 YI-TD AKPOS PES ODE 20251005;400,00;1.161.755,64
14.11.2025;001116426 AX-MC AKPOS PES ODE 20251005;320,00;1.161.355,64
14.11.2025;001116426 AK-DT AKPOS PES ODE 20251005;650,00;1.161.035,64
14.11.2025;001116426 AX-VS AKPOS PES ODE 20251005;380,00;1.160.385,64
14.11.2025;001116426 YI-VS AKPOS PES ODE 20251005;4.570,00;1.160.005,64
14.11.2025;001116426 YI-EC AKPOS PES ODE 20251005;5.666,00;1.155.435,64
14.11.2025;001116426 AK-DB AKPOS PES ODE 20251005;790,00;1.149.769,64
13.11.2025;001116426 AX-MC AKPOS PES ODE 20251004;1.642,00;1.148.979,64
13.11.2025;001116426 YI-VS AKPOS PES ODE 20251004;4.407,00;1.147.337,64
13.11.2025;001116426 YI-DB AKPOS PES ODE 20251004;1.810,00;1.142.930,64
13.11.2025;001116426 YI-TY AKPOS PES ODE 20251004;1.300,00;1.141.120,64
13.11.2025;001116426 YI-EC AKPOS PES ODE 20251004;8.229,00;1.139.820,64
13.11.2025;001116426 YI-TD AKPOS PES ODE 20251004;580,00;1.131.591,64
12.11.2025;001116426 YI-DB AKPOS PES ODE 20251003;1.600,00;1.131.011,64
12.11.2025;001116426 AK-DB AKPOS PES ODE 20251003;2.000,00;1.129.411,64
12.11.2025;001116426 AX-MC AKPOS PES ODE 20251003;100.535,00;1.127.411,64
12.11.2025;001116426 YI-EC AKPOS PES ODE 20251003;58.295,39;1.026.876,64
12.11.2025;001116426 YI-TD AKPOS PES ODE 20251003;1.150,00;968.581,25
12.11.2025;001116426 YD-DB AKPOS PES ODE 20251013;580,00;967.431,25
12.11.2025;001116426 YI-VS AKPOS PES ODE 20251003;8.244,00;966.851,25
12.11.2025;001116426 YI-TY AKPOS PES ODE 20251003;2.290,00;958.607,25
11.11.2025;001116426 YI-VS AKPOS PES ODE 20251002;1.820,00;956.317,25
11.11.2025;001116426 YI-TY AKPOS PES ODE 20251002;150,00;954.497,25
11.11.2025;001116426 AX-VS AKPOS PES ODE 20251002;850,00;954.347,25
11.11.2025;001116426 AK-DT AKPOS PES ODE 20251002;240,00;953.497,25
11.11.2025;001116426 YI-EC AKPOS PES ODE 20251002;10.947,00;953.257,25
11.11.2025;001116426 YI-DB AKPOS PES ODE 20251002;1.090,00;942.310,25
11.11.2025;001116426 AX-MC AKPOS PES ODE 20251002;300,00;941.220,25
10.11.2025;001116426 YI-TY AKPOS PES ODE 20251001;1.105,00;940.920,25
10.11.2025;001116426 YI-VS AKPOS PES ODE 20251001;1.992,00;939.815,25
10.11.2025;001116426 YI-EC AKPOS PES ODE 20251001;3.222,00;937.823,25
10.11.2025;001116426 AK-DB AKPOS PES ODE 20251001;300,00;934.601,25
10.11.2025;001116426 YI-DB AKPOS PES ODE 20251001;835,00;934.301,25
10.11.2025;001116426 AX-MC AKPOS PES ODE 20251001;325,00;933.466,25
10.11.2025;001116426 YD-DB AKPOS PES ODE 20251011;75,00;933.141,25
09.11.2025;001116426 AK-DB AKPOS PES ODE 20250930;50,00;933.066,25
09.11.2025;001116426 YI-TD AKPOS PES ODE 20250930;700,00;933.016,25
09.11.2025;001116426 YI-TY AKPOS PES ODE 20250930;1.095,00;932.316,25
09.11.2025;001116426 YI-DB AKPOS PES ODE 20250930;3.485,00;931.221,25
09.11.2025;001116426 YI-VS AKPOS PES ODE 20250930;2.216,00;927.736,25
09.11.2025;001116426 YI-EC AKPOS PES ODE 20250930;19.854,34;925.520,25
09.11.2025;001116426 AX-MC AKPOS PES ODE 20250930;1.360,00;905.665,91
08.11.2025;001116426 AK-DT AKPOS PES ODE 20250929;660,00;904.305,91
08.11.2025;001116426 YI-EC AKPOS PES ODE 20250929;5.055,00;903.645,91
08.11.2025;001116426 YI-VS AKPOS PES ODE 20250929;13.950,00;898.590,91
08.11.2025;001116426 AX-TY AKPOS PES ODE 20250929;3.330,00;884.640,91
08.11.2025;001116426 YD-DB AKPOS PES ODE 20251009;250,00;881.310,91
08.11.2025;001116426 YI-DB AKPOS PES ODE 20250929;7.315,00;881.060,91
08.11.2025;001116426 AK-DB AKPOS PES ODE 20250929;280,00;873.745,91
08.11.2025;001116426 AX-MC AKPOS PES ODE 20250929;1.150,00;873.465,91
08.11.2025;001116426 YI-TY AKPOS PES ODE 20250929;5.055,00;872.315,91
08.11.2025;001116426 YI-TD AKPOS PES ODE 20250929;1.525,00;867.260,91
07.11.2025;001116426 YI-TY AKPOS PES ODE 20250928;2.380,00;865.735,91
07.11.2025;001116426 AK-DT AKPOS PES ODE 20250928;1.125,00;863.355,91
07.11.2025;001116426 AX-TY AKPOS PES ODE 20250928;930,00;862.230,91
07.11.2025;001116426 YI-VS AKPOS PES ODE 20250928;3.835,00;861.300,91
07.11.2025;001116426 YI-EC AKPOS PES ODE 20250928;9.815,00;857.465,91
07.11.2025;001116426 AX-MC AKPOS PES ODE 20250928;2.025,00;847.650,91
07.11.2025;001116426 YI-DB AKPOS PES ODE 20250928;4.850,00;845.625,91
07.11.2025;001116426 YI-TD AKPOS PES ODE 20250928;730,00;840.775,91
07.11.2025;001116426 AX-VS AKPOS PES ODE 20250928;350,00;840.045,91
06.11.2025;001116426 YI-VS AKPOS PES ODE 20250927;2.390,00;839.695,91
06.11.2025;001116426 YI-DB AKPOS PES ODE 20250927;7.030,00;837.305,91
06.11.2025;001116426 YI-TD AKPOS PES ODE 20250927;1.230,00;830.275,91
06.11.2025;001116426 AX-MC AKPOS PES ODE 20250927;1.215,00;829.045,91
06.11.2025;001116426 YI-EC AKPOS PES ODE 20250927;2.555,00;827.830,91
06.11.2025;001116426 AX-VS AKPOS PES ODE 20250927;330,00;825.275,91
06.11.2025;001116426 YI-TY AKPOS PES ODE 20250927;1.245,00;824.945,91
06.11.2025;001116426 AK-DB AKPOS PES ODE 20250927;1.100,00;823.700,91
05.11.2025;001116426 YI-VS AKPOS PES ODE 20250926;1.409,00;822.600,91
05.11.2025;001116426 YI-TD AKPOS PES ODE 20250926;1.056,00;821.191,91
05.11.2025;001116426 AX-MC AKPOS PES ODE 20250926;725,00;820.135,91
05.11.2025;001116426 YI-EC AKPOS PES ODE 20250926;5.912,00;819.410,91
05.11.2025;001116426 YI-TY AKPOS PES ODE 20250926;550,00;813.498,91
05.11.2025;001116426 YI-DB AKPOS PES ODE 20250926;2.070,00;812.948,91
04.11.2025;001116426 YI-EC AKPOS PES ODE 20250925;5.030,00;810.878,91
04.11.2025;001116426 YD-DB AKPOS PES ODE 20251005;2.830,00;805.848,91
04.11.2025;001116426 YI-VS AKPOS PES ODE 20250925;7.692,37;803.018,91
04.11.2025;001116426 AX-MC AKPOS PES ODE 20250925;15.206,00;795.326,54
04.11.2025;001116426 YI-TY AKPOS PES ODE 20250925;950,00;780.120,54
04.11.2025;001116426 YI-TD AKPOS PES ODE 20250925;1.000,00;779.170,54
04.11.2025;001116426 YI-DB AKPOS PES ODE 20250925;1.175,00;778.170,54
03.11.2025;001116426 YI-EC AKPOS PES ODE 20250924;1.325,00;776.995,54
03.11.2025;001116426 YI-VS AKPOS PES ODE 20250924;290,00;775.670,54
03.11.2025;001116426 YI-TY AKPOS PES ODE 20250924;150,00;775.380,54
02.11.2025;001116426 AK-DB AKPOS PES ODE 20250923;795,00;775.230,54
02.11.2025;001116426 YI-TY AKPOS PES ODE 20250923;60,00;774.435,54
02.11.2025;001116426 YI-VS AKPOS PES ODE 20250923;870,00;774.375,54
02.11.2025;001116426 AX-MC AKPOS PES ODE 20250923;355,00;773.505,54
02.11.2025;001116426 YI-DB AKPOS PES ODE 20250923;825,00;773.150,54
02.11.2025;001116426 YI-EC AKPOS PES ODE 20250923;6.245,00;772.325,54
01.11.2025;ÖKC BÜT.HIZ.ÜCR-001116426-01.11.2025;-1.800,00;766.080,54
01.11.2025;001116426 YI-EC AKPOS PES ODE 20250922;150,00;767.880,54
01.11.2025;001116426 YI-TY AKPOS PES ODE 20250922;250,00;767.730,54
31.10.2025;001116426 YI-TY AKPOS PES ODE 20250921;1.345,00;767.480,54
31.10.2025;001116426 YI-EC AKPOS PES ODE 20250921;29.292,92;766.135,54
31.10.2025;001116426 YI-VS AKPOS PES ODE 20250921;2.975,00;736.842,62
31.10.2025;001116426 AX-MC AKPOS PES ODE 20250921;780,00;733.867,62
31.10.2025;001116426 YI-DB AKPOS PES ODE 20250921;5.220,00;733.087,62
30.10.2025;001116426 AK-DT AKPOS PES ODE 20250920;125,00;727.867,62
30.10.2025;001116426 YI-EC AKPOS PES ODE 20250920;4.155,00;727.742,62
30.10.2025;001116426 YI-TD AKPOS PES ODE 20250920;1.330,00;723.587,62
30.10.2025;001116426 YI-TY AKPOS PES ODE 20250920;2.930,00;722.257,62
30.10.2025;001116426 YI-VS AKPOS PES ODE 20250920;18.911,69;719.327,62
30.10.2025;001116426 YI-DB AKPOS PES ODE 20250920;250,00;700.415,93
30.10.2025;001116426 AX-MC AKPOS PES ODE 20250920;24.606,00;700.165,93
29.10.2025;001116426 YI-VS AKPOS PES ODE 20250919;2.013,00;675.559,93
29.10.2025;001116426 YI-DB AKPOS PES ODE 20250919;120,00;673.546,93
29.10.2025;001116426 YI-TD AKPOS PES ODE 20250919;172,00;673.426,93
29.10.2025;001116426 YI-EC AKPOS PES ODE 20250919;1.503,60;673.254,93
29.10.2025;001116426 YI-TY AKPOS PES ODE 20250919;1.260,00;671.751,33
29.10.2025;001116426 AK-DB AKPOS PES ODE 20250919;158,00;670.491,33
28.10.2025;001116426 YI-DB AKPOS PES ODE 20250918;890,00;670.333,33
28.10.2025;001116426 YD-VS AKPOS PES ODE 20250928;500,00;669.443,33
28.10.2025;001116426 AX-MC AKPOS PES ODE 20250918;1.150,00;668.943,33
28.10.2025;001116426 AK-DT AKPOS PES ODE 20250918;800,00;667.793,33
28.10.2025;001116426 YI-TY AKPOS PES ODE 20250918;3.114,98;666.993,33
28.10.2025;001116426 YI-VS AKPOS PES ODE 20250918;1.370,00;663.878,35
28.10.2025;001116426 YI-EC AKPOS PES ODE 20250918;6.667,51;662.508,35
28.10.2025;001116426 YI-TD AKPOS PES ODE 20250918;250,00;655.840,84
27.10.2025;001116426 YI-DB AKPOS PES ODE 20250917;320,00;655.590,84
27.10.2025;001116426 YI-EC AKPOS PES ODE 20250917;980,00;655.270,84
27.10.2025;001116426 YI-VS AKPOS PES ODE 20250917;1.439,00;654.290,84
27.10.2025;001116426 YI-TY AKPOS PES ODE 20250917;1.450,00;652.851,84
26.10.2025;001116426 YI-DB AKPOS PES ODE 20250916;180,00;651.401,84
26.10.2025;001116426 YI-VS AKPOS PES ODE 20250916;2.310,00;651.221,84
25.10.2025;001116426 YI-EC AKPOS PES ODE 20250915;27.818,69;648.911,84
25.10.2025;001116426 YD-DB AKPOS PES ODE 20250925;400,00;621.093,15
25.10.2025;001116426 YI-VS AKPOS PES ODE 20250915;16.181,94;620.693,15
25.10.2025;001116426 YI-TD AKPOS PES ODE 20250915;588,50;604.511,21
25.10.2025;001116426 YI-DB AKPOS PES ODE 20250915;902,40;603.922,71
25.10.2025;001116426 AX-MC AKPOS PES ODE 20250915;521,00;603.020,31
24.10.2025;001116426 FAST POS ODEME-YI KS:6.55 TL;168,45;602.499,31
24.10.2025;001116426 YI-EC AKPOS PES ODE 20250914;2.450,00;602.330,86
24.10.2025;001116426 AX-MC AKPOS PES ODE 20250914;1.450,00;599.880,86
24.10.2025;001116426 YI-DB AKPOS PES ODE 20250914;3.310,00;598.430,86
24.10.2025;001116426 AX-TY AKPOS PES ODE 20250914;400,00;595.120,86
23.10.2025;001116426 FAST POS ODEME-YI KS:2.81 TL;72,19;594.720,86
23.10.2025;001116426 AX-MC AKPOS PES ODE 20250913;1.857,50;594.648,67
23.10.2025;001116426 YD-DB AKPOS PES ODE 20250923;600,00;592.791,17
23.10.2025;001116426 AX-TY AKPOS PES ODE 20250913;283,50;592.191,17
23.10.2025;001116426 YI-DB AKPOS PES ODE 20250913;5.552,20;591.907,67
23.10.2025;001116426 YI-VS AKPOS PES ODE 20250913;13.330,00;586.355,47
23.10.2025;001116426 YI-EC AKPOS PES ODE 20250913;23.958,00;573.025,47
23.10.2025;001116426 YI-TY AKPOS PES ODE 20250913;11.681,50;549.067,47
22.10.2025;001116426 YI-VS AKPOS PES ODE 20250912;950,00;537.385,97
22.10.2025;001116426 YI-EC AKPOS PES ODE 20250912;1.150,00;536.435,97
22.10.2025;001116426 YI-TY AKPOS PES ODE 20250912;80.505,00;535.285,97
22.10.2025;001116426 AX-MC AKPOS PES ODE 20250912;800,00;454.780,97
21.10.2025;001116426 YI-TY AKPOS PES ODE 20250911;24.606,34;453.980,97
21.10.2025;001116426 AX-MC AKPOS PES ODE 20250911;170,00;429.374,63
21.10.2025;001116426 YI-DB AKPOS PES ODE 20250911;1.795,00;429.204,63
21.10.2025;001116426 YD-VS AKPOS PES ODE 20250921;1.980,00;427.409,63
21.10.2025;001116426 YI-VS AKPOS PES ODE 20250911;1.820,00;425.429,63
21.10.2025;001116426 YI-EC AKPOS PES ODE 20250911;1.955,00;423.609,63
20.10.2025;001116426 AX-MC AKPOS PES ODE 20250910;720,00;421.654,63
20.10.2025;001116426 YI-DB AKPOS PES ODE 20250910;3.205,00;420.934,63
20.10.2025;001116426 YI-EC AKPOS PES ODE 20250910;3.075,00;417.729,63
20.10.2025;001116426 YI-VS AKPOS PES ODE 20250910;345,00;414.654,63
20.10.2025;001116426 AK-DB AKPOS PES ODE 20250910;345,00;414.309,63
19.10.2025;001116426 YI-EC AKPOS PES ODE 20250909;11.348,26;413.964,63
19.10.2025;001116426 AX-MC AKPOS PES ODE 20250909;1.844,00;402.616,37
19.10.2025;001116426 YI-VS AKPOS PES ODE 20250909;15.604,82;400.772,37
19.10.2025;001116426 YI-TD AKPOS PES ODE 20250909;228,00;385.167,55
19.10.2025;001116426 YI-DB AKPOS PES ODE 20250909;2.183,50;384.939,55
19.10.2025;001116426 YI-TY AKPOS PES ODE 20250909;4.586,62;382.756,05
18.10.2025;001116426 YI-TY AKPOS PES ODE 20250908;2.785,19;378.169,43
18.10.2025;001116426 YI-VS AKPOS PES ODE 20250908;8.230,57;375.384,24
18.10.2025;001116426 YI-EC AKPOS PES ODE 20250908;11.032,53;367.153,67
18.10.2025;001116426 YI-DB AKPOS PES ODE 20250908;5.218,00;356.121,14
17.10.2025;001116426 YD-EC AKPOS PES ODE 20250917;505,00;350.903,14
17.10.2025;001116426 YI-VS AKPOS PES ODE 20250907;1.116,25;350.398,14
17.10.2025;001116426 YI-EC AKPOS PES ODE 20250907;9.427,03;349.281,89
16.10.2025;001116426 YI-EC AKPOS PES ODE 20250906;17.470,28;339.854,86
16.10.2025;001116426 YI-DB AKPOS PES ODE 20250906;4.152,36;322.384,58
16.10.2025;001116426 YI-TD AKPOS PES ODE 20250906;832,00;318.232,22
16.10.2025;001116426 AX-MC AKPOS PES ODE 20250906;21.992,18;317.400,22
16.10.2025;001116426 YI-VS AKPOS PES ODE 20250906;6.855,10;295.408,04
15.10.2025;001116426 YI-VS AKPOS PES ODE 20250905;66.738,80;288.552,94
15.10.2025;001116426 YI-DB AKPOS PES ODE 20250905;4.386,45;221.814,14
15.10.2025;001116426 YI-TD AKPOS PES ODE 20250905;3.134,00;217.427,69
15.10.2025;001116426 AX-MC AKPOS PES ODE 20250905;5.452,60;214.293,69
15.10.2025;001116426 YI-EC AKPOS PES ODE 20250905;31.671,00;208.841,09
15.10.2025;001116426 YI-TY AKPOS PES ODE 20250905;2.414,80;177.170,09
15.10.2025;001116426 AK-DB AKPOS PES ODE 20250905;150,00;174.755,29
14.10.2025;001116426 YI-EC AKPOS PES ODE 20250904;13.235,66;174.605,29
14.10.2025;001116426 AK-DB AKPOS PES ODE 20250904;850,00;161.369,63
14.10.2025;001116426 YI-DB AKPOS PES ODE 20250904;2.210,00;160.519,63
14.10.2025;001116426 YI-VS AKPOS PES ODE 20250904;2.648,10;158.309,63
14.10.2025;001116426 YI-TY AKPOS PES ODE 20250904;3.941,26;155.661,53
13.10.2025;001116426 YI-DB AKPOS PES ODE 20250903;2.825,00;151.720,27
13.10.2025;001116426 YI-EC AKPOS PES ODE 20250903;565,00;148.895,27
13.10.2025;001116426 YI-VS AKPOS PES ODE 20250903;1.050,00;148.330,27
13.10.2025;001116426 AK-DB AKPOS PES ODE 20250903;150,00;147.280,27
12.10.2025;001116426 AX-MC AKPOS PES ODE 20250902;450,00;147.130,27
12.10.2025;001116426 YI-DB AKPOS PES ODE 20250902;2.760,00;146.680,27
12.10.2025;001116426 YI-VS AKPOS PES ODE 20250902;1.485,00;143.920,27
12.10.2025;001116426 YI-TD AKPOS PES ODE 20250902;915,00;142.435,27
12.10.2025;001116426 YI-EC AKPOS PES ODE 20250902;980,00;141.520,27
12.10.2025;001116426 YI-TY AKPOS PES ODE 20250902;2.545,00;140.540,27
11.10.2025;001116426 YI-EC AKPOS PES ODE 20250901;60.620,13;137.995,27
11.10.2025;001116426 YI-DB AKPOS PES ODE 20250901;5.464,60;77.375,14
11.10.2025;001116426 YI-TY AKPOS PES ODE 20250901;325,00;71.910,54
11.10.2025;001116426 AK-DB AKPOS PES ODE 20250901;400,00;71.585,54
10.10.2025;001116426 YI-TY AKPOS PES ODE 20250831;1.725,00;71.185,54
10.10.2025;001116426 YI-DB AKPOS PES ODE 20250831;3.527,00;69.460,54
10.10.2025;001116426 YI-VS AKPOS PES ODE 20250831;1.053,00;65.933,54
10.10.2025;001116426 YI-EC AKPOS PES ODE 20250831;800,00;64.880,54
09.10.2025;001116426 AX-MC AKPOS PES ODE 20250830;2.550,00;64.080,54
09.10.2025;001116426 YI-EC AKPOS PES ODE 20250830;22.785,00;61.530,54
09.10.2025;001116426 YI-DB AKPOS PES ODE 20250830;2.535,00;38.745,54
09.10.2025;001116426 YI-VS AKPOS PES ODE 20250830;31.508,96;36.210,54
09.10.2025;001116426 YI-TD AKPOS PES ODE 20250830;3.581,31;4.701,58
09.10.2025;001116426 YD-DB AKPOS PES ODE 20250909;1.032,60;1.120,27
08.10.2025;777/KÝÞ-EFT BSMV;-7,62;87,67
08.10.2025;777/KÝÞ-EFT KOMÝSYONU;-152,35;95,29
08.10.2025;777/KÝÞ-0891019-ALANYA ÖZKAN KIRTASÝYE LTD.-AKBANK TAN ALBARAKA HS EFT;-691.000,00;247,64
08.10.2025;001116426 AX-MC AKPOS PES ODE 20250829;430,00;691.247,64
08.10.2025;001116426 YI-VS AKPOS PES ODE 20250829;4.470,00;690.817,64
08.10.2025;001116426 YI-TD AKPOS PES ODE 20250829;150,00;686.347,64
08.10.2025;001116426 YI-DB AKPOS PES ODE 20250829;150,00;686.197,64
07.10.2025;001116426 YI-EC AKPOS PES ODE 20250828;10.000,00;686.047,64
07.10.2025;001116426 AX-MC AKPOS PES ODE 20250828;1.720,00;676.047,64
07.10.2025;001116426 YI-VS AKPOS PES ODE 20250828;960,00;674.327,64
07.10.2025;001116426 YI-DB AKPOS PES ODE 20250828;840,00;673.367,64
07.10.2025;001116426 YI-TY AKPOS PES ODE 20250828;480,00;672.527,64
06.10.2025;001116426 YI-EC AKPOS PES ODE 20250827;1.300,00;672.047,64
06.10.2025;001116426 YI-TD AKPOS PES ODE 20250827;330,00;670.747,64
06.10.2025;001116426 YI-DB AKPOS PES ODE 20250827;70,00;670.417,64
06.10.2025;001116426 YD-DB AKPOS PES ODE 20250906;2.575,00;670.347,64
06.10.2025;001116426 YD-VS AKPOS PES ODE 20250906;435,00;667.772,64
06.10.2025;001116426 YI-VS AKPOS PES ODE 20250827;38.000,00;667.337,64
05.10.2025;001116426 YI-VS AKPOS PES ODE 20250826;220,00;629.337,64
05.10.2025;001116426 YI-EC AKPOS PES ODE 20250826;2.588,75;629.117,64
05.10.2025;001116426 AX-MC AKPOS PES ODE 20250826;350,00;626.528,89
05.10.2025;001116426 YI-DB AKPOS PES ODE 20250826;940,00;626.178,89
05.10.2025;001116426 YI-TD AKPOS PES ODE 20250826;350,00;625.238,89
04.10.2025;001116426 YI-VS AKPOS PES ODE 20250825;175,00;624.888,89
04.10.2025;001116426 YI-TY AKPOS PES ODE 20250825;275,00;624.713,89
04.10.2025;001116426 YI-DB AKPOS PES ODE 20250825;275,00;624.438,89
03.10.2025;001116426 YI-EC AKPOS PES ODE 20250824;5.120,00;624.163,89
03.10.2025;001116426 YI-VS AKPOS PES ODE 20250824;636,00;619.043,89
03.10.2025;001116426 YI-TY AKPOS PES ODE 20250824;3.312,58;618.407,89
03.10.2025;001116426 AX-MC AKPOS PES ODE 20250824;1.100,00;615.095,31
03.10.2025;001116426 YI-DB AKPOS PES ODE 20250824;561,00;613.995,31
02.10.2025;001116426 YI-TY AKPOS PES ODE 20250823;40.336,82;613.434,31
02.10.2025;001116426 AK-DB AKPOS PES ODE 20250823;225,00;573.097,49
02.10.2025;001116426 YD-VS AKPOS PES ODE 20250902;90,00;572.872,49
02.10.2025;001116426 YI-EC AKPOS PES ODE 20250823;3.300,00;572.782,49
02.10.2025;001116426 AX-MC AKPOS PES ODE 20250823;6.042,40;569.482,49
01.10.2025;ÖKC BÜT.HIZ.ÜCR-001116426-01.10.2025;-1.800,00;563.440,09
01.10.2025;001116426 YI-EC AKPOS PES ODE 20250822;1.878,00;565.240,09
01.10.2025;001116426 YI-DB AKPOS PES ODE 20250822;258,00;563.362,09
01.10.2025;001116426 YI-TD AKPOS PES ODE 20250822;2.900,00;563.104,09
01.10.2025;001116426 YI-VS AKPOS PES ODE 20250822;17.730,00;560.204,09
