Tarih;Açýklama;Tutar;Bakiye
30.09.2025;001116426 YI-DB AKPOS PES ODE 20250821;2.000,00;542.474,09
30.09.2025;001116426 YI-EC AKPOS PES ODE 20250821;21.305,00;540.474,09
30.09.2025;001116426 YI-TY AKPOS PES ODE 20250821;10.347,29;519.169,09
30.09.2025;001116426 YI-TD AKPOS PES ODE 20250821;140,00;508.821,80
30.09.2025;001116426 YI-VS AKPOS PES ODE 20250821;29.771,25;508.681,80
29.09.2025;001116426 YI-DB AKPOS PES ODE 20250820;1.420,00;478.910,55
29.09.2025;001116426 YI-VS AKPOS PES ODE 20250820;36.450,00;477.490,55
29.09.2025;001116426 YI-TD AKPOS PES ODE 20250820;500,00;441.040,55
29.09.2025;001116426 YI-EC AKPOS PES ODE 20250820;3.715,00;440.540,55
29.09.2025;001116426 YD-DB AKPOS PES ODE 20250830;330,00;436.825,55
28.09.2025;001116426 FAST POS ODEME-YI KS:28.05 TL;721,95;436.495,55
28.09.2025;001116426 YI-VS AKPOS PES ODE 20250819;11.473,00;435.773,60
28.09.2025;001116426 YI-EC AKPOS PES ODE 20250819;2.253,00;424.300,60
28.09.2025;001116426 YI-TY AKPOS PES ODE 20250819;16.225,00;422.047,60
28.09.2025;001116426 AK-DB AKPOS PES ODE 20250819;180,00;405.822,60
26.09.2025;001116426 YI-TD AKPOS PES ODE 20250817;246,50;405.642,60
26.09.2025;001116426 YI-DB AKPOS PES ODE 20250817;680,00;405.396,10
26.09.2025;001116426 YI-VS AKPOS PES ODE 20250817;1.950,00;404.716,10
26.09.2025;001116426 YI-EC AKPOS PES ODE 20250817;57.040,00;402.766,10
25.09.2025;001116426 AK-DB AKPOS PES ODE 20250816;1.433,00;345.726,10
25.09.2025;001116426 YI-VS AKPOS PES ODE 20250816;18.486,00;344.293,10
25.09.2025;001116426 AX-VS AKPOS PES ODE 20250816;220,00;325.807,10
25.09.2025;001116426 YI-EC AKPOS PES ODE 20250816;10.809,00;325.587,10
24.09.2025;001116426 YI-VS AKPOS PES ODE 20250815;2.850,00;314.778,10
24.09.2025;001116426 YI-TY AKPOS PES ODE 20250815;500,00;311.928,10
24.09.2025;001116426 YI-DB AKPOS PES ODE 20250815;4.505,00;311.428,10
24.09.2025;001116426 YI-EC AKPOS PES ODE 20250815;2.425,00;306.923,10
23.09.2025;001116426 FAST POS ODEME-YI KS:9.72 TL;250,28;304.498,10
23.09.2025;001116426 YI-EC AKPOS PES ODE 20250814;1.558,00;304.247,82
23.09.2025;001116426 YI-VS AKPOS PES ODE 20250814;3.188,00;302.689,82
23.09.2025;001116426 YI-DB AKPOS PES ODE 20250814;330,00;299.501,82
22.09.2025;001116426 YI-TY AKPOS PES ODE 20250813;500,00;299.171,82
22.09.2025;001116426 YI-VS AKPOS PES ODE 20250813;3.700,00;298.671,82
22.09.2025;001116426 YI-EC AKPOS PES ODE 20250813;850,00;294.971,82
21.09.2025;001116426 YI-DB AKPOS PES ODE 20250812;450,00;294.121,82
21.09.2025;001116426 YI-EC AKPOS PES ODE 20250812;4.570,00;293.671,82
21.09.2025;001116426 YI-VS AKPOS PES ODE 20250812;1.890,00;289.101,82
21.09.2025;001116426 AK-DB AKPOS PES ODE 20250812;340,00;287.211,82
19.09.2025;001116426 YI-VS AKPOS PES ODE 20250810;550,00;286.871,82
19.09.2025;001116426 YI-EC AKPOS PES ODE 20250810;450,00;286.321,82
19.09.2025;001116426 YI-TY AKPOS PES ODE 20250810;250,00;285.871,82
19.09.2025;001116426 YI-DB AKPOS PES ODE 20250810;1.078,00;285.621,82
19.09.2025;001116426 YD-VS AKPOS PES ODE 20250820;30,00;284.543,82
18.09.2025;001116426 YI-TY AKPOS PES ODE 20250809;13.700,48;284.513,82
18.09.2025;001116426 YI-VS AKPOS PES ODE 20250809;2.000,00;270.813,34
18.09.2025;001116426 YI-DB AKPOS PES ODE 20250809;450,00;268.813,34
18.09.2025;001116426 YI-EC AKPOS PES ODE 20250809;625,00;268.363,34
18.09.2025;001116426 YD-VS AKPOS PES ODE 20250819;190,00;267.738,34
17.09.2025;001116426 YI-EC AKPOS PES ODE 20250808;2.134,00;267.548,34
17.09.2025;001116426 YI-VS AKPOS PES ODE 20250808;6.100,00;265.414,34
17.09.2025;001116426 YI-DB AKPOS PES ODE 20250808;1.407,00;259.314,34
17.09.2025;001116426 AX-MC AKPOS PES ODE 20250808;1.189,00;257.907,34
17.09.2025;001116426 YI-TD AKPOS PES ODE 20250808;270,00;256.718,34
16.09.2025;001116426 YI-DB AKPOS PES ODE 20250807;580,00;256.448,34
16.09.2025;001116426 YD-VS AKPOS PES ODE 20250817;155,00;255.868,34
16.09.2025;001116426 YI-EC AKPOS PES ODE 20250807;3.930,00;255.713,34
16.09.2025;001116426 YI-TY AKPOS PES ODE 20250807;10.848,00;251.783,34
16.09.2025;001116426 AK-DB AKPOS PES ODE 20250807;560,00;240.935,34
15.09.2025;001116426 YI-VS AKPOS PES ODE 20250806;715,00;240.375,34
15.09.2025;001116426 YI-DB AKPOS PES ODE 20250806;900,00;239.660,34
15.09.2025;001116426 YI-TD AKPOS PES ODE 20250806;300,00;238.760,34
15.09.2025;001116426 YI-EC AKPOS PES ODE 20250806;2.000,00;238.460,34
15.09.2025;001116426 YD-DB AKPOS PES ODE 20250816;400,00;236.460,34
14.09.2025;001116426 YI-EC AKPOS PES ODE 20250805;28.111,24;236.060,34
14.09.2025;001116426 YI-TD AKPOS PES ODE 20250805;570,00;207.949,10
14.09.2025;001116426 YI-TY AKPOS PES ODE 20250805;11.894,68;207.379,10
14.09.2025;001116426 AX-MC AKPOS PES ODE 20250805;30,00;195.484,42
14.09.2025;001116426 YI-VS AKPOS PES ODE 20250805;2.300,00;195.454,42
14.09.2025;001116426 YI-DB AKPOS PES ODE 20250805;1.005,00;193.154,42
12.09.2025;001116426 YI-DB AKPOS PES ODE 20250803;2.146,00;192.149,42
12.09.2025;001116426 YI-EC AKPOS PES ODE 20250803;50.330,00;190.003,42
12.09.2025;001116426 YI-TD AKPOS PES ODE 20250803;330,00;139.673,42
12.09.2025;001116426 YI-VS AKPOS PES ODE 20250803;600,00;139.343,42
11.09.2025;001116426 FAST POS ODEME-YI KS:1.12 TL;28,88;138.743,42
11.09.2025;777/KÝÞ-HAV.FENERBAHÇE SPOR ÜRN. SAN. VE TÝC. ANONÝM ÞTÝ.- FENERBAHÇE SPOR ÜR.AÞ. CARÝ H;-1.000.000,00;138.714,54
11.09.2025;001116426 YD-VS AKPOS PES ODE 20250812;400,00;1.138.714,54
11.09.2025;001116426 YI-EC AKPOS PES ODE 20250802;3.375,00;1.138.314,54
11.09.2025;001116426 YI-TD AKPOS PES ODE 20250802;200,00;1.134.939,54
11.09.2025;001116426 YI-DB AKPOS PES ODE 20250802;1.915,00;1.134.739,54
10.09.2025;001116426 AX-VS AKPOS PES ODE 20250801;8.592,04;1.132.824,54
10.09.2025;001116426 AX-TY AKPOS PES ODE 20250801;500,00;1.124.232,50
10.09.2025;001116426 YI-TD AKPOS PES ODE 20250801;10,00;1.123.732,50
10.09.2025;001116426 YI-TY AKPOS PES ODE 20250801;1.004,00;1.123.722,50
10.09.2025;001116426 YI-EC AKPOS PES ODE 20250801;3.142,20;1.122.718,50
10.09.2025;001116426 YI-VS AKPOS PES ODE 20250801;685,00;1.119.576,30
10.09.2025;001116426 YI-DB AKPOS PES ODE 20250801;1.961,00;1.118.891,30
09.09.2025;001116426 YI-TY AKPOS PES ODE 20250731;385,00;1.116.930,30
09.09.2025;001116426 YI-DB AKPOS PES ODE 20250731;1.185,00;1.116.545,30
09.09.2025;001116426 YI-VS AKPOS PES ODE 20250731;440,00;1.115.360,30
09.09.2025;001116426 YI-TD AKPOS PES ODE 20250731;465,00;1.114.920,30
08.09.2025;001116426 YI-TD AKPOS PES ODE 20250730;50,00;1.114.455,30
08.09.2025;001116426 YI-DB AKPOS PES ODE 20250730;2.040,00;1.114.405,30
08.09.2025;001116426 AK-DB AKPOS PES ODE 20250730;1.100,00;1.112.365,30
08.09.2025;001116426 YI-VS AKPOS PES ODE 20250730;1.680,00;1.111.265,30
08.09.2025;001116426 AX-MC AKPOS PES ODE 20250730;1.600,00;1.109.585,30
08.09.2025;001116426 YI-EC AKPOS PES ODE 20250730;2.825,00;1.107.985,30
07.09.2025;001116426 YI-TY AKPOS PES ODE 20250729;20,00;1.105.160,30
07.09.2025;001116426 AX-MC AKPOS PES ODE 20250729;2.400,00;1.105.140,30
07.09.2025;001116426 YD-EC AKPOS PES ODE 20250808;325,00;1.102.740,30
07.09.2025;001116426 YI-TD AKPOS PES ODE 20250729;992,00;1.102.415,30
07.09.2025;001116426 YI-EC AKPOS PES ODE 20250729;5.300,00;1.101.423,30
07.09.2025;001116426 YI-DB AKPOS PES ODE 20250729;828,00;1.096.123,30
06.09.2025;001116426 FAST POS ODEME-YI KS:10.85 TL;279,15;1.095.295,30
05.09.2025;001116426 YI-VS AKPOS PES ODE 20250727;1.815,00;1.095.016,15
05.09.2025;001116426 YI-EC AKPOS PES ODE 20250727;3.570,00;1.093.201,15
05.09.2025;001116426 YI-TY AKPOS PES ODE 20250727;3.320,00;1.089.631,15
05.09.2025;001116426 YI-DB AKPOS PES ODE 20250727;1.700,00;1.086.311,15
05.09.2025;001116426 AK-DB AKPOS PES ODE 20250727;1.625,00;1.084.611,15
04.09.2025;001116426 YD-EC AKPOS PES ODE 20250805;150,00;1.082.986,15
04.09.2025;001116426 YI-TY AKPOS PES ODE 20250726;17.892,94;1.082.836,15
04.09.2025;001116426 YI-TD AKPOS PES ODE 20250726;792,00;1.064.943,21
04.09.2025;001116426 YI-EC AKPOS PES ODE 20250726;9.412,78;1.064.151,21
04.09.2025;001116426 YI-VS AKPOS PES ODE 20250726;841,80;1.054.738,43
04.09.2025;001116426 YI-DB AKPOS PES ODE 20250726;4.527,60;1.053.896,63
03.09.2025;001116426 YI-VS AKPOS PES ODE 20250725;31.806,25;1.049.369,03
03.09.2025;001116426 YI-DB AKPOS PES ODE 20250725;2.637,00;1.017.562,78
03.09.2025;001116426 YI-EC AKPOS PES ODE 20250725;74.137,00;1.014.925,78
03.09.2025;001116426 YI-TY AKPOS PES ODE 20250725;14.584,00;940.788,78
02.09.2025;001116426 FAST POS ODEME-YI KS:13.46 TL;346,54;926.204,78
02.09.2025;001116426 AX-MC AKPOS PES ODE 20250724;206,50;925.858,24
02.09.2025;001116426 YI-VS AKPOS PES ODE 20250724;1.266,49;925.651,74
02.09.2025;001116426 YI-EC AKPOS PES ODE 20250724;23.232,00;924.385,25
02.09.2025;001116426 YI-TY AKPOS PES ODE 20250724;422,00;901.153,25
01.09.2025;ÖKC BÜT.HIZ.ÜCR-001116426-01.09.2025;-1.800,00;900.731,25
01.09.2025;001116426 YD-EC AKPOS PES ODE 20250802;2.105,00;902.531,25
01.09.2025;001116426 YD-DB AKPOS PES ODE 20250802;625,00;900.426,25
01.09.2025;001116426 YI-EC AKPOS PES ODE 20250723;4.913,00;899.801,25
01.09.2025;001116426 YI-VS AKPOS PES ODE 20250723;1.990,00;894.888,25
01.09.2025;001116426 YI-DB AKPOS PES ODE 20250723;562,00;892.898,25
31.08.2025;001116426 YI-EC AKPOS PES ODE 20250722;4.298,91;892.336,25
31.08.2025;001116426 AX-MC AKPOS PES ODE 20250722;2.825,00;888.037,34
31.08.2025;001116426 YI-TY AKPOS PES ODE 20250722;300,00;885.212,34
31.08.2025;001116426 YI-DB AKPOS PES ODE 20250722;2.700,00;884.912,34
31.08.2025;001116426 YI-TD AKPOS PES ODE 20250722;130,00;882.212,34
31.08.2025;001116426 YI-VS AKPOS PES ODE 20250722;1.300,00;882.082,34
30.08.2025;001116426 YD-DB AKPOS PES ODE 20250731;700,00;880.782,34
29.08.2025;001116426 YI-VS AKPOS PES ODE 20250720;1.850,00;880.082,34
29.08.2025;001116426 AX-MC AKPOS PES ODE 20250720;250,00;878.232,34
29.08.2025;001116426 YI-DB AKPOS PES ODE 20250720;420,00;877.982,34
29.08.2025;001116426 YI-EC AKPOS PES ODE 20250720;3.640,00;877.562,34
28.08.2025;001116426 YI-TY AKPOS PES ODE 20250719;18.465,00;873.922,34
28.08.2025;001116426 AX-MC AKPOS PES ODE 20250719;450,00;855.457,34
28.08.2025;001116426 AK-DB AKPOS PES ODE 20250719;225,00;855.007,34
28.08.2025;001116426 YI-DB AKPOS PES ODE 20250719;1.660,00;854.782,34
28.08.2025;001116426 YI-EC AKPOS PES ODE 20250719;4.050,00;853.122,34
28.08.2025;001116426 YI-VS AKPOS PES ODE 20250719;370,00;849.072,34
28.08.2025;001116426 AX-VS AKPOS PES ODE 20250719;1.100,00;848.702,34
27.08.2025;001116426 YI-DB AKPOS PES ODE 20250718;850,00;847.602,34
27.08.2025;001116426 AX-MC AKPOS PES ODE 20250718;325,00;846.752,34
27.08.2025;001116426 YI-TD AKPOS PES ODE 20250718;330,00;846.427,34
26.08.2025;001116426 YI-TY AKPOS PES ODE 20250717;23.239,00;846.097,34
26.08.2025;001116426 YI-DB AKPOS PES ODE 20250717;1.468,00;822.858,34
26.08.2025;001116426 YI-VS AKPOS PES ODE 20250717;1.500,00;821.390,34
26.08.2025;001116426 YI-EC AKPOS PES ODE 20250717;12.197,50;819.890,34
25.08.2025;001116426 YD-DB AKPOS PES ODE 20250726;150,00;807.692,84
25.08.2025;001116426 YI-EC AKPOS PES ODE 20250716;204.304,75;807.542,84
25.08.2025;001116426 YI-VS AKPOS PES ODE 20250716;425,00;603.238,09
25.08.2025;001116426 YI-TY AKPOS PES ODE 20250716;67.000,00;602.813,09
25.08.2025;001116426 YI-DB AKPOS PES ODE 20250716;2.690,00;535.813,09
25.08.2025;001116426 YI-TD AKPOS PES ODE 20250716;350,00;533.123,09
24.08.2025;001116426 YI-VS AKPOS PES ODE 20250715;480,00;532.773,09
24.08.2025;001116426 YI-DB AKPOS PES ODE 20250715;1.975,00;532.293,09
24.08.2025;001116426 AX-MC AKPOS PES ODE 20250715;15.000,00;530.318,09
24.08.2025;001116426 YI-TD AKPOS PES ODE 20250715;24,00;515.318,09
24.08.2025;001116426 YI-EC AKPOS PES ODE 20250715;36.112,50;515.294,09
22.08.2025;001116426 YI-VS AKPOS PES ODE 20250713;1.349,25;479.181,59
22.08.2025;001116426 AX-TY AKPOS PES ODE 20250713;250,00;477.832,34
21.08.2025;001116426 YI-DB AKPOS PES ODE 20250712;250,00;477.582,34
21.08.2025;001116426 YI-EC AKPOS PES ODE 20250712;5.000,00;477.332,34
20.08.2025;001116426 YI-EC AKPOS PES ODE 20250711;30.000,00;472.332,34
18.08.2025;001116426 YI-TY AKPOS PES ODE 20250709;2.002,40;442.332,34
18.08.2025;001116426 YD-DB AKPOS PES ODE 20250719;1.445,00;440.329,94
17.08.2025;001116426 AK-DB AKPOS PES ODE 20250708;594,60;438.884,94
17.08.2025;001116426 YI-TY AKPOS PES ODE 20250708;11.962,81;438.290,34
17.08.2025;001116426 YI-EC AKPOS PES ODE 20250708;3.902,76;426.327,53
15.08.2025;001116426 YI-EC AKPOS PES ODE 20250706;4.100,00;422.424,77
15.08.2025;001116426 YI-DB AKPOS PES ODE 20250706;725,00;418.324,77
15.08.2025;001116426 YD-DB AKPOS PES ODE 20250716;1.600,00;417.599,77
15.08.2025;001116426 YI-VS AKPOS PES ODE 20250706;6.833,85;415.999,77
14.08.2025;001116426 YI-VS AKPOS PES ODE 20250705;28.389,72;409.165,92
14.08.2025;001116426 YD-EC AKPOS PES ODE 20250715;7.180,00;380.776,20
14.08.2025;001116426 YI-EC AKPOS PES ODE 20250705;5.525,51;373.596,20
14.08.2025;001116426 YI-DB AKPOS PES ODE 20250705;1.505,00;368.070,69
13.08.2025;001116426 YI-VS AKPOS PES ODE 20250704;5.140,01;366.565,69
13.08.2025;001116426 AX-TY AKPOS PES ODE 20250704;75,00;361.425,68
13.08.2025;001116426 YI-EC AKPOS PES ODE 20250704;2.000,00;361.350,68
13.08.2025;001116426 AK-DB AKPOS PES ODE 20250704;200,00;359.350,68
13.08.2025;001116426 YI-DB AKPOS PES ODE 20250704;3.156,20;359.150,68
13.08.2025;001116426 YI-TY AKPOS PES ODE 20250704;1.251,75;355.994,48
12.08.2025;001116426 YI-DB AKPOS PES ODE 20250703;436,40;354.742,73
12.08.2025;001116426 YI-EC AKPOS PES ODE 20250703;3.412,40;354.306,33
12.08.2025;001116426 YI-TY AKPOS PES ODE 20250703;624,00;350.893,93
12.08.2025;001116426 YI-VS AKPOS PES ODE 20250703;1.090,00;350.269,93
11.08.2025;001116426 YI-VS AKPOS PES ODE 20250702;1.665,15;349.179,93
11.08.2025;001116426 YI-DB AKPOS PES ODE 20250702;520,00;347.514,78
11.08.2025;001116426 YI-EC AKPOS PES ODE 20250702;14.028,25;346.994,78
11.08.2025;001116426 AX-MC AKPOS PES ODE 20250702;2.175,00;332.966,53
11.08.2025;001116426 YI-TY AKPOS PES ODE 20250702;650,00;330.791,53
11.08.2025;001116426 YI-TD AKPOS PES ODE 20250702;860,00;330.141,53
10.08.2025;001116426 YI-DB AKPOS PES ODE 20250701;689,00;329.281,53
10.08.2025;001116426 YI-VS AKPOS PES ODE 20250701;4.130,00;328.592,53
10.08.2025;001116426 YI-EC AKPOS PES ODE 20250701;2.011,00;324.462,53
10.08.2025;001116426 YI-TY AKPOS PES ODE 20250701;9.159,09;322.451,53
10.08.2025;001116426 AX-MC AKPOS PES ODE 20250701;643,25;313.292,44
08.08.2025;001116426 YI-TD AKPOS PES ODE 20250629;2.245,00;312.649,19
08.08.2025;001116426 AK-DB AKPOS PES ODE 20250629;250,00;310.404,19
08.08.2025;001116426 YI-EC AKPOS PES ODE 20250629;780,00;310.154,19
08.08.2025;001116426 YI-VS AKPOS PES ODE 20250629;7.132,95;309.374,19
08.08.2025;001116426 YI-DB AKPOS PES ODE 20250629;1.162,79;302.241,24
07.08.2025;001116426 FAST POS ODEME-YI KS:43.01 TL;1.106,99;301.078,45
07.08.2025;001116426 YI-DB AKPOS PES ODE 20250628;300,00;299.971,46
07.08.2025;001116426 YI-TY AKPOS PES ODE 20250628;60,00;299.671,46
06.08.2025;001116426 YI-VS AKPOS PES ODE 20250627;49.150,00;299.611,46
06.08.2025;001116426 YI-EC AKPOS PES ODE 20250627;4.260,00;250.461,46
06.08.2025;001116426 YI-DB AKPOS PES ODE 20250627;485,00;246.201,46
05.08.2025;001116426 YI-VS AKPOS PES ODE 20250626;10.360,00;245.716,46
05.08.2025;001116426 YI-TY AKPOS PES ODE 20250626;33.799,37;235.356,46
05.08.2025;001116426 YI-TD AKPOS PES ODE 20250626;370,00;201.557,09
05.08.2025;001116426 YI-DB AKPOS PES ODE 20250626;325,00;201.187,09
04.08.2025;001116426 YI-VS AKPOS PES ODE 20250625;500,00;200.862,09
04.08.2025;001116426 YI-EC AKPOS PES ODE 20250625;250,00;200.362,09
04.08.2025;001116426 YI-TY AKPOS PES ODE 20250625;157,50;200.112,09
04.08.2025;001116426 YI-DB AKPOS PES ODE 20250625;1.036,00;199.954,59
03.08.2025;001116426 YI-TD AKPOS PES ODE 20250624;330,00;198.918,59
03.08.2025;001116426 YI-EC AKPOS PES ODE 20250624;2.475,00;198.588,59
03.08.2025;001116426 YI-VS AKPOS PES ODE 20250624;50,00;196.113,59
02.08.2025;001116426 YD-EC AKPOS PES ODE 20250703;610,00;196.063,59
02.08.2025;001116426 YI-EC AKPOS PES ODE 20250623;1.100,00;195.453,59
02.08.2025;001116426 YI-VS AKPOS PES ODE 20250623;180,00;194.353,59
01.08.2025;ÖKC BÜT.HIZ.ÜCR-001116426-01.08.2025;-1.800,00;194.173,59
01.08.2025;001116426 YI-VS AKPOS PES ODE 20250622;70,00;195.973,59
01.08.2025;001116426 YI-TD AKPOS PES ODE 20250622;400,00;195.903,59
01.08.2025;001116426 YD-DB AKPOS PES ODE 20250702;1.600,00;195.503,59
01.08.2025;001116426 YI-DB AKPOS PES ODE 20250622;1.290,00;193.903,59
01.08.2025;001116426 YI-EC AKPOS PES ODE 20250622;480,00;192.613,59
01.08.2025;001116426 AK-DB AKPOS PES ODE 20250622;415,00;192.133,59
31.07.2025;001116426 YI-DB AKPOS PES ODE 20250621;1.320,00;191.718,59
31.07.2025;001116426 YI-TD AKPOS PES ODE 20250621;350,00;190.398,59
31.07.2025;001116426 YI-VS AKPOS PES ODE 20250621;760,00;190.048,59
30.07.2025;001116426 YI-EC AKPOS PES ODE 20250620;910,00;189.288,59
30.07.2025;001116426 YI-DB AKPOS PES ODE 20250620;3.046,56;188.378,59
30.07.2025;001116426 AX-TY AKPOS PES ODE 20250620;27.000,00;185.332,03
29.07.2025;001116426 FAST POS ODEME-YI KS:5.61 TL;144,39;158.332,03
29.07.2025;001116426 FAST POS ODEME-YI KS:5.61 TL;144,39;158.187,64
29.07.2025;001116426 YD-DB AKPOS PES ODE 20250629;1.240,00;158.043,25
29.07.2025;001116426 YI-EC AKPOS PES ODE 20250619;7.404,58;156.803,25
29.07.2025;001116426 YD-EC AKPOS PES ODE 20250629;195,00;149.398,67
29.07.2025;001116426 YI-VS AKPOS PES ODE 20250619;5.560,00;149.203,67
29.07.2025;001116426 AX-MC AKPOS PES ODE 20250619;555,00;143.643,67
28.07.2025;001116426 YI-DB AKPOS PES ODE 20250618;810,00;143.088,67
28.07.2025;001116426 AX-VS AKPOS PES ODE 20250618;2.231,37;142.278,67
28.07.2025;001116426 YD-DB AKPOS PES ODE 20250628;1.275,00;140.047,30
28.07.2025;001116426 YI-EC AKPOS PES ODE 20250618;330,00;138.772,30
28.07.2025;001116426 AX-MC AKPOS PES ODE 20250618;350,00;138.442,30
27.07.2025;001116426 YI-VS AKPOS PES ODE 20250617;4.505,00;138.092,30
27.07.2025;001116426 YI-TD AKPOS PES ODE 20250617;1.065,00;133.587,30
27.07.2025;001116426 YI-EC AKPOS PES ODE 20250617;5.980,00;132.522,30
27.07.2025;001116426 YI-TY AKPOS PES ODE 20250617;380,00;126.542,30
27.07.2025;001116426 YI-DB AKPOS PES ODE 20250617;150,00;126.162,30
27.07.2025;001116426 AK-DB AKPOS PES ODE 20250617;420,00;126.012,30
27.07.2025;001116426 AX-MC AKPOS PES ODE 20250617;460,00;125.592,30
26.07.2025;001116426 YI-EC AKPOS PES ODE 20250616;1.995,00;125.132,30
26.07.2025;001116426 YI-VS AKPOS PES ODE 20250616;1.260,00;123.137,30
26.07.2025;001116426 AX-VS AKPOS PES ODE 20250616;660,00;121.877,30
26.07.2025;001116426 YI-DB AKPOS PES ODE 20250616;690,00;121.217,30
26.07.2025;001116426 AK-DB AKPOS PES ODE 20250616;440,00;120.527,30
26.07.2025;001116426 AX-MC AKPOS PES ODE 20250616;465,00;120.087,30
25.07.2025;001116426 YD-DB AKPOS PES ODE 20250625;75,00;119.622,30
24.07.2025;001116426 YI-VS AKPOS PES ODE 20250614;1.150,00;119.547,30
24.07.2025;001116426 YI-DB AKPOS PES ODE 20250614;1.670,00;118.397,30
24.07.2025;001116426 YD-DB AKPOS PES ODE 20250624;385,00;116.727,30
24.07.2025;001116426 AK-DB AKPOS PES ODE 20250614;795,00;116.342,30
24.07.2025;001116426 YI-EC AKPOS PES ODE 20250614;225,00;115.547,30
23.07.2025;001116426 AX-VS AKPOS PES ODE 20250613;740,00;115.322,30
23.07.2025;001116426 YI-TY AKPOS PES ODE 20250613;980,00;114.582,30
23.07.2025;001116426 YI-EC AKPOS PES ODE 20250613;535,00;113.602,30
23.07.2025;001116426 AX-MC AKPOS PES ODE 20250613;200,00;113.067,30
22.07.2025;001116426 AX-MC AKPOS PES ODE 20250612;500,00;112.867,30
22.07.2025;001116426 YI-VS AKPOS PES ODE 20250612;2.000,00;112.367,30
22.07.2025;001116426 YI-EC AKPOS PES ODE 20250612;1.375,00;110.367,30
22.07.2025;001116426 YI-TY AKPOS PES ODE 20250612;2.760,00;108.992,30
22.07.2025;001116426 YI-DB AKPOS PES ODE 20250612;150,00;106.232,30
21.07.2025;001116426 YI-EC AKPOS PES ODE 20250611;3.570,00;106.082,30
21.07.2025;001116426 AX-MC AKPOS PES ODE 20250611;1.850,00;102.512,30
21.07.2025;001116426 YD-DB AKPOS PES ODE 20250621;150,00;100.662,30
21.07.2025;001116426 YI-VS AKPOS PES ODE 20250611;500,00;100.512,30
20.07.2025;001116426 YI-DB AKPOS PES ODE 20250610;4.750,00;100.012,30
20.07.2025;001116426 YI-VS AKPOS PES ODE 20250610;10.140,00;95.262,30
20.07.2025;001116426 YI-EC AKPOS PES ODE 20250610;9.400,00;85.122,30
16.07.2025;001116426 YI-VS AKPOS PES ODE 20250606;2.075,00;75.722,30
16.07.2025;001116426 YI-EC AKPOS PES ODE 20250606;1.980,00;73.647,30
15.07.2025;001116426 AX-MC AKPOS PES ODE 20250605;550,00;71.667,30
15.07.2025;001116426 YI-EC AKPOS PES ODE 20250605;20.750,00;71.117,30
15.07.2025;001116426 YI-TY AKPOS PES ODE 20250605;150,00;50.367,30
15.07.2025;001116426 YI-VS AKPOS PES ODE 20250605;1.460,00;50.217,30
15.07.2025;001116426 YI-DB AKPOS PES ODE 20250605;150,00;48.757,30
14.07.2025;001116426 YI-VS AKPOS PES ODE 20250604;525,00;48.607,30
14.07.2025;001116426 AX-MC AKPOS PES ODE 20250604;430,00;48.082,30
14.07.2025;001116426 YI-DB AKPOS PES ODE 20250604;195,00;47.652,30
14.07.2025;001116426 YI-EC AKPOS PES ODE 20250604;1.060,00;47.457,30
14.07.2025;001116426 YD-EC AKPOS PES ODE 20250614;410,00;46.397,30
13.07.2025;001116426 YI-EC AKPOS PES ODE 20250603;2.690,00;45.987,30
13.07.2025;001116426 YI-VS AKPOS PES ODE 20250603;1.600,00;43.297,30
13.07.2025;001116426 YI-DB AKPOS PES ODE 20250603;705,00;41.697,30
12.07.2025;001116426 YI-EC AKPOS PES ODE 20250602;2.250,00;40.992,30
12.07.2025;001116426 YI-DB AKPOS PES ODE 20250602;2.915,00;38.742,30
11.07.2025;001116426 YI-DB AKPOS PES ODE 20250601;1.595,00;35.827,30
11.07.2025;001116426 YI-VS AKPOS PES ODE 20250601;2.180,00;34.232,30
11.07.2025;001116426 YI-EC AKPOS PES ODE 20250601;7.520,00;32.052,30
11.07.2025;001116426 YD-DB AKPOS PES ODE 20250611;400,00;24.532,30
10.07.2025;001116426 YI-TD AKPOS PES ODE 20250531;565,00;24.132,30
10.07.2025;001116426 AX-MC AKPOS PES ODE 20250531;515,00;23.567,30
10.07.2025;001116426 YI-DB AKPOS PES ODE 20250531;1.545,00;23.052,30
10.07.2025;001116426 YI-EC AKPOS PES ODE 20250531;2.645,00;21.507,30
10.07.2025;001116426 YI-VS AKPOS PES ODE 20250531;2.365,00;18.862,30
09.07.2025;001116426 YI-DB AKPOS PES ODE 20250530;280,00;16.497,30
09.07.2025;001116426 YI-VS AKPOS PES ODE 20250530;440,00;16.217,30
09.07.2025;001116426 YI-EC AKPOS PES ODE 20250530;130,00;15.777,30
09.07.2025;001116426 YI-TY AKPOS PES ODE 20250530;50,00;15.647,30
08.07.2025;001116426 AX-MC AKPOS PES ODE 20250529;250,00;15.597,30
08.07.2025;001116426 YI-EC AKPOS PES ODE 20250529;900,00;15.347,30
08.07.2025;001116426 YI-DB AKPOS PES ODE 20250529;2.300,00;14.447,30
08.07.2025;001116426 YI-TD AKPOS PES ODE 20250529;450,00;12.147,30
08.07.2025;001116426 YI-VS AKPOS PES ODE 20250529;1.170,00;11.697,30
07.07.2025;001116426 YI-EC AKPOS PES ODE 20250528;330,00;10.527,30
07.07.2025;001116426 YI-VS AKPOS PES ODE 20250528;3.150,00;10.197,30
07.07.2025;001116426 AX-MC AKPOS PES ODE 20250528;150,00;7.047,30
06.07.2025;001116426 YI-DB AKPOS PES ODE 20250527;560,00;6.897,30
06.07.2025;001116426 YI-VS AKPOS PES ODE 20250527;450,00;6.337,30
06.07.2025;001116426 AX-MC AKPOS PES ODE 20250527;560,00;5.887,30
05.07.2025;001116426 YI-DB AKPOS PES ODE 20250526;195,00;5.327,30
04.07.2025;001116426 YD-DB AKPOS PES ODE 20250604;585,00;5.132,30
04.07.2025;001116426 AX-MC AKPOS PES ODE 20250525;620,00;4.547,30
03.07.2025;001116426 AX-MC AKPOS PES ODE 20250524;140,00;3.927,30
03.07.2025;001116426 YI-VS AKPOS PES ODE 20250524;2.480,00;3.787,30
03.07.2025;001116426 YI-DB AKPOS PES ODE 20250524;330,00;1.307,30
02.07.2025;001116426 YI-DB AKPOS PES ODE 20250523;370,00;977,30
02.07.2025;001116426 YI-VS AKPOS PES ODE 20250523;300,00;607,30
02.07.2025;001116426 YI-TY AKPOS PES ODE 20250523;50,00;307,30
01.07.2025;777/KÝÞ-0091581-ALANYA ÖZKAN KIRT.MAT.YAY.TÝC.LTD-AKBANK TAN HALKBANK A EFT;-100.000,00;257,30
01.07.2025;ÖKC BÜT.HIZ.ÜCR-001116426-01.07.2025;-1.800,00;100.257,30
01.07.2025;001116426 YI-DB AKPOS PES ODE 20250522;650,00;102.057,30
01.07.2025;001116426 YI-VS AKPOS PES ODE 20250522;1.150,00;101.407,30
01.07.2025;001116426 AX-MC AKPOS PES ODE 20250522;500,00;100.257,30
