Tarih;Açýklama;Ýþlem Tutarý;Bakiye
31/07/2025;1801374784X310725300725ÜYE ÝÞYERÝ ÜCRETÝ - PEÞÝN (BSMV);-38,24;1.182.171,02
31/07/2025;1801374784X310725300725ÜYE ÝÞYERÝ ÜCRETÝ - PEÞÝN;-764,41;1.182.209,26
31/07/2025;1801374784X310725300725PEÞÝNSATIÞ;40.448,55;1.182.973,67
31/07/2025;1801374784X310725030725ÜYE ÝÞYERÝ ÜCRETÝ - TAKSÝT (BSMV);-2,35;1.142.525,12
31/07/2025;1801374784X310725030725ÜYE ÝÞYERÝ ÜCRETÝ - TAKSÝT;-46,96;1.142.527,47
31/07/2025;1801374784X310725030725TAKSÝTLÝSATIÞKATKIPAYI;-101,29;1.142.574,43
31/07/2025;1801374784X310725030725TAKSÝTSATIÞ;4.084,25;1.142.675,72
31/07/2025;1801374784X310725200625PEÞÝNSATIÞ;4.498,00;1.138.591,47
31/07/2025;1801374784X310725040525ÜYE ÝÞYERÝ ÜCRETÝ - TAKSÝT (BSMV);-0,44;1.134.093,47
31/07/2025;1801374784X310725040525ÜYE ÝÞYERÝ ÜCRETÝ - TAKSÝT;-8,81;1.134.093,91
31/07/2025;1801374784X310725040525TAKSÝTSATIÞ;766,65;1.134.102,72
30/07/2025;BSMV POS-1801374784 07/25 Belge ve Bilgilendirme Ücreti-Basýlý Ekstre;-1,75;1.133.336,07
30/07/2025;POS-1801374784 07/25 Belge ve Bilgilendirme Ücreti-Basýlý Ekstre;-35,00;1.133.337,82
30/07/2025;1801374784X300725290725ÜYE ÝÞYERÝ ÜCRETÝ - PEÞÝN (BSMV);-31,15;1.133.372,82
30/07/2025;1801374784X300725290725ÜYE ÝÞYERÝ ÜCRETÝ - PEÞÝN;-623,02;1.133.403,97
30/07/2025;1801374784X300725290725PEÞÝNSATIÞ;32.965,60;1.134.026,99
30/07/2025;1801374784X300725190625PEÞÝNSATIÞ;10.539,30;1.101.061,39
30/07/2025;1801374784X300725020625ÜYE ÝÞYERÝ ÜCRETÝ - TAKSÝT (BSMV);-2,22;1.090.522,09
30/07/2025;1801374784X300725020625ÜYE ÝÞYERÝ ÜCRETÝ - TAKSÝT;-44,30;1.090.524,31
30/07/2025;1801374784X300725020625TAKSÝTSATIÞ;3.853,22;1.090.568,61
30/07/2025;1801374784X300725020725ÜYE ÝÞYERÝ ÜCRETÝ - TAKSÝT (BSMV);-0,81;1.086.715,39
30/07/2025;1801374784X300725020725ÜYE ÝÞYERÝ ÜCRETÝ - TAKSÝT;-16,28;1.086.716,20
30/07/2025;1801374784X300725020725TAKSÝTLÝSATIÞKATKIPAYI;-42,50;1.086.732,48
30/07/2025;1801374784X300725020725TAKSÝTSATIÞ;1.416,50;1.086.774,98
29/07/2025;1801374784X290725280725ÜYE ÝÞYERÝ ÜCRETÝ - PEÞÝN (BSMV);-29,34;1.085.358,48
29/07/2025;1801374784X290725280725ÜYE ÝÞYERÝ ÜCRETÝ - PEÞÝN;-586,46;1.085.387,82
29/07/2025;1801374784X290725280725PEÞÝNSATIÞ;31.030,50;1.085.974,28
29/07/2025;1801374784X290725180625PEÞÝNSATIÞ;5.245,50;1.054.943,78
29/07/2025;1801374784X290725270625PEÞÝNSATIÞKATKIPAYI;-10,03;1.049.698,28
29/07/2025;1801374784X290725270625PEÞÝNSATIÞ;2.005,41;1.049.708,31
28/07/2025;1801374784X280725270725ÜYE ÝÞYERÝ ÜCRETÝ - PEÞÝN (BSMV);-21,85;1.047.702,90
28/07/2025;1801374784X280725270725ÜYE ÝÞYERÝ ÜCRETÝ - PEÞÝN;-436,82;1.047.724,75
28/07/2025;1801374784X280725270725PEÞÝNSATIÞ;23.113,70;1.048.161,57
28/07/2025;1801374784X280725170625PEÞÝNSATIÞ;7.830,07;1.025.047,87
28/07/2025;1801374784X280725260625PEÞÝNSATIÞKATKIPAYI;-29,54;1.017.217,80
28/07/2025;1801374784X280725260625PEÞÝNSATIÞ;5.905,66;1.017.247,34
27/07/2025;1801374784X270725260725ÜYE ÝÞYERÝ ÜCRETÝ - PEÞÝN (BSMV);-34,25;1.011.341,68
27/07/2025;1801374784X270725260725ÜYE ÝÞYERÝ ÜCRETÝ - PEÞÝN;-685,13;1.011.375,93
27/07/2025;1801374784X270725260725PEÞÝNSATIÞ;36.251,20;1.012.061,06
27/07/2025;1801374784X270725160625PEÞÝNSATIÞ;21.358,57;975.809,86
27/07/2025;1801374784X270725290625ÜYE ÝÞYERÝ ÜCRETÝ - TAKSÝT (BSMV);-1,36;954.451,29
27/07/2025;1801374784X270725290625ÜYE ÝÞYERÝ ÜCRETÝ - TAKSÝT;-27,19;954.452,65
27/07/2025;1801374784X270725290625TAKSÝTLÝSATIÞKATKIPAYI;-61,20;954.479,84
27/07/2025;1801374784X270725290625TAKSÝTSATIÞ;2.365,13;954.541,04
26/07/2025;1801374784X260725150625PEÞÝNSATIÞ;31.955,53;952.175,91
26/07/2025;1801374784X260725240625PEÞÝNSATIÞKATKIPAYI;-16,32;920.220,38
26/07/2025;1801374784X260725240625PEÞÝNSATIÞ;3.264,75;920.236,70
25/07/2025;2425181907 TELEKOM;-153,25;916.971,95
25/07/2025;1801374784X250725140625PEÞÝNSATIÞ;44.062,88;917.125,20
25/07/2025;1801374784X250725240725ÜYE ÝÞYERÝ ÜCRETÝ - PEÞÝN (BSMV);-11,91;873.062,32
25/07/2025;1801374784X250725240725ÜYE ÝÞYERÝ ÜCRETÝ - PEÞÝN;-238,17;873.074,23
25/07/2025;1801374784X250725240725PEÞÝNSATIÞ;12.602,35;873.312,40
25/07/2025;1801374784X250725280425ÜYE ÝÞYERÝ ÜCRETÝ - TAKSÝT (BSMV);-0,88;860.710,05
25/07/2025;1801374784X250725280425ÜYE ÝÞYERÝ ÜCRETÝ - TAKSÝT;-17,60;860.710,93
25/07/2025;1801374784X250725280425TAKSÝTSATIÞ;1.530,66;860.728,53
24/07/2025;1801374784X240725230725ÜYE ÝÞYERÝ ÜCRETÝ - PEÞÝN (BSMV);-36,76;859.197,87
24/07/2025;1801374784X240725230725ÜYE ÝÞYERÝ ÜCRETÝ - PEÞÝN;-735,27;859.234,63
24/07/2025;1801374784X240725230725PEÞÝNSATIÞ;38.904,53;859.969,90
24/07/2025;1801374784X240725130625PEÞÝNSATIÞ;13.650,05;821.065,37
24/07/2025;1801374784X240725270525ÜYE ÝÞYERÝ ÜCRETÝ - TAKSÝT (BSMV);-1,53;807.415,32
24/07/2025;1801374784X240725270525ÜYE ÝÞYERÝ ÜCRETÝ - TAKSÝT;-30,59;807.416,85
24/07/2025;1801374784X240725270525TAKSÝTSATIÞ;2.660,65;807.447,44
24/07/2025;1801374784X240725220625PEÞÝNSATIÞKATKIPAYI;-1,05;804.786,79
24/07/2025;1801374784X240725220625PEÞÝNSATIÞ;210,00;804.787,84
23/07/2025;1801374784X230725220725ÜYE ÝÞYERÝ ÜCRETÝ - PEÞÝN (BSMV);-46,21;804.577,84
23/07/2025;1801374784X230725220725ÜYE ÝÞYERÝ ÜCRETÝ - PEÞÝN;-924,18;804.624,05
23/07/2025;1801374784X230725220725PEÞÝNSATIÞ;48.900,45;805.548,23
23/07/2025;1801374784X230725120625PEÞÝNSATIÞ;4.998,60;756.647,78
23/07/2025;1801374784X230725210625PEÞÝNSATIÞKATKIPAYI;-22,11;751.649,18
23/07/2025;1801374784X230725210625PEÞÝNSATIÞ;4.419,95;751.671,29
23/07/2025;1801374784X230725260425ÜYE ÝÞYERÝ ÜCRETÝ - TAKSÝT (BSMV);-0,73;747.251,34
23/07/2025;1801374784X230725260425ÜYE ÝÞYERÝ ÜCRETÝ - TAKSÝT;-14,56;747.252,07
23/07/2025;1801374784X230725260425TAKSÝTSATIÞ;1.266,80;747.266,63
22/07/2025;1801374784X220725210725ÜYE ÝÞYERÝ ÜCRETÝ - PEÞÝN (BSMV);-59,42;745.999,83
22/07/2025;1801374784X220725210725ÜYE ÝÞYERÝ ÜCRETÝ - PEÞÝN;-1.188,17;746.059,25
22/07/2025;1801374784X220725210725PEÞÝNSATIÞ;62.868,03;747.247,42
22/07/2025;1801374784X220725110625PEÞÝNSATIÞ;3.689,15;684.379,39
22/07/2025;1801374784X220725200625PEÞÝNSATIÞKATKIPAYI;-8,48;680.690,24
22/07/2025;1801374784X220725200625PEÞÝNSATIÞ;1.695,30;680.698,72
22/07/2025;1801374784X220725250425ÜYE ÝÞYERÝ ÜCRETÝ - TAKSÝT (BSMV);-0,19;679.003,42
22/07/2025;1801374784X220725250425ÜYE ÝÞYERÝ ÜCRETÝ - TAKSÝT;-3,83;679.003,61
22/07/2025;1801374784X220725250425TAKSÝTSATIÞ;333,06;679.007,44
21/07/2025;INT 455359******1405 2107 1142;-6.546,50;678.674,38
21/07/2025;1801374784X210725100625PEÞÝNSATIÞ;19.411,10;685.220,88
21/07/2025;1801374784X210725200725ÜYE ÝÞYERÝ ÜCRETÝ - PEÞÝN (BSMV);-12,03;665.809,78
21/07/2025;1801374784X210725200725ÜYE ÝÞYERÝ ÜCRETÝ - PEÞÝN;-240,63;665.821,81
21/07/2025;1801374784X210725200725PEÞÝNSATIÞ;12.732,25;666.062,44
21/07/2025;1801374784X210725190625PEÞÝNSATIÞKATKIPAYI;-37,64;653.330,19
21/07/2025;1801374784X210725190625PEÞÝNSATIÞ;7.528,40;653.367,83
20/07/2025;1801374784X200725190725ÜYE ÝÞYERÝ ÜCRETÝ - PEÞÝN (BSMV);-30,39;645.839,43
20/07/2025;1801374784X200725190725ÜYE ÝÞYERÝ ÜCRETÝ - PEÞÝN;-607,78;645.869,82
20/07/2025;1801374784X200725190725PEÞÝNSATIÞ;32.159,80;646.477,60
20/07/2025;1801374784X200725090625PEÞÝNSATIÞ;13.572,55;614.317,80
20/07/2025;1801374784X200725180625PEÞÝNSATIÞKATKIPAYI;-2,00;600.745,25
20/07/2025;1801374784X200725180625PEÞÝNSATIÞ;400,45;600.747,25
19/07/2025;1801374784X190725180725ÜYE ÝÞYERÝ ÜCRETÝ - PEÞÝN (BSMV);-14,19;600.346,80
19/07/2025;1801374784X190725180725ÜYE ÝÞYERÝ ÜCRETÝ - PEÞÝN;-283,82;600.360,99
19/07/2025;1801374784X190725180725PEÞÝNSATIÞ;15.018,25;600.644,81
19/07/2025;1801374784X190725170625PEÞÝNSATIÞKATKIPAYI;-22,48;585.626,56
19/07/2025;1801374784X190725170625PEÞÝNSATIÞ;4.495,24;585.649,04
19/07/2025;1801374784X190725210625ÜYE ÝÞYERÝ ÜCRETÝ - TAKSÝT (BSMV);-0,38;581.153,80
19/07/2025;1801374784X190725210625ÜYE ÝÞYERÝ ÜCRETÝ - TAKSÝT;-7,56;581.154,18
19/07/2025;1801374784X190725210625TAKSÝTLÝSATIÞKATKIPAYI;-13,16;581.161,74
19/07/2025;1801374784X190725210625TAKSÝTSATIÞ;658,18;581.174,90
18/07/2025;1801374784X180725170725ÜYE ÝÞYERÝ ÜCRETÝ - PEÞÝN (BSMV);-10,13;580.516,72
18/07/2025;1801374784X180725170725ÜYE ÝÞYERÝ ÜCRETÝ - PEÞÝN;-202,56;580.526,85
18/07/2025;1801374784X180725170725PEÞÝNSATIÞ;10.719,30;580.729,41
18/07/2025;1801374784X180725160625PEÞÝNSATIÞKATKIPAYI;-3,93;570.010,11
18/07/2025;1801374784X180725160625PEÞÝNSATIÞ;785,40;570.014,04
18/07/2025;1801374784X180725200625ÜYE ÝÞYERÝ ÜCRETÝ - TAKSÝT (BSMV);-0,43;569.228,64
18/07/2025;1801374784X180725200625ÜYE ÝÞYERÝ ÜCRETÝ - TAKSÝT;-8,62;569.229,07
18/07/2025;1801374784X180725200625TAKSÝTLÝSATIÞKATKIPAYI;-15,00;569.237,69
18/07/2025;1801374784X180725200625TAKSÝTSATIÞ;749,75;569.252,69
17/07/2025;1801374784X170725160725ÜYE ÝÞYERÝ ÜCRETÝ - PEÞÝN (BSMV);-24,49;568.502,94
17/07/2025;1801374784X170725160725ÜYE ÝÞYERÝ ÜCRETÝ - PEÞÝN;-489,68;568.527,43
17/07/2025;1801374784X170725160725PEÞÝNSATIÞ;25.910,85;569.017,11
17/07/2025;1801374784X170725190625ÜYE ÝÞYERÝ ÜCRETÝ - TAKSÝT (BSMV);-1,53;543.106,26
17/07/2025;1801374784X170725190625ÜYE ÝÞYERÝ ÜCRETÝ - TAKSÝT;-30,50;543.107,79
17/07/2025;1801374784X170725190625TAKSÝTLÝSATIÞKATKIPAYI;-69,55;543.138,29
17/07/2025;1801374784X170725190625TAKSÝTSATIÞ;2.653,44;543.207,84
17/07/2025;1801374784X170725150625PEÞÝNSATIÞKATKIPAYI;-11,78;540.554,40
17/07/2025;1801374784X170725150625PEÞÝNSATIÞ;2.353,40;540.566,18
16/07/2025;BSMV ELEKTRONÝK FON TRANSFERÝ (EFT) ÜCRETÝ-FAST/ALANYA ÖZKAN KI/HALKBANK HESA;-0,61;538.212,78
16/07/2025;ELEKTRONÝK FON TRANSFERÝ (EFT) ÜCRETÝ-FAST/ALANYA ÖZKAN KI/HALKBANK HESA;-12,19;538.213,39
16/07/2025;GÝDEN FAST - ALANYA ÖZKAN KIRTASÝYE MAT.YAY.ÝNÞ.TÝC.LTD.ÞTÝ - HALKBANK HESABINA VÝRMAN;-95.000,00;538.225,58
16/07/2025;BSMV ELEKTRONÝK FON TRANSFERÝ (EFT) ÜCRETÝ-FAST/ALANYA ÖZKAN KI/HALKBANK HESA;-0,61;633.225,58
16/07/2025;ELEKTRONÝK FON TRANSFERÝ (EFT) ÜCRETÝ-FAST/ALANYA ÖZKAN KI/HALKBANK HESA;-12,19;633.226,19
16/07/2025;GÝDEN FAST - ALANYA ÖZKAN KIRTASÝYE MAT.YAY.ÝNÞ.TÝC.LTD.ÞTÝ - HALKBANK HESABINA VÝRMAN;-25.000,00;633.238,38
16/07/2025;1801374784X160725150725ÜYE ÝÞYERÝ ÜCRETÝ - PEÞÝN (BSMV);-13,71;658.238,38
16/07/2025;1801374784X160725150725ÜYE ÝÞYERÝ ÜCRETÝ - PEÞÝN;-274,14;658.252,09
16/07/2025;1801374784X160725150725PEÞÝNSATIÞ;14.505,75;658.526,23
16/07/2025;1801374784X160725050625PEÞÝNSATIÞ;11.065,10;644.020,48
16/07/2025;1801374784X160725190525ÜYE ÝÞYERÝ ÜCRETÝ - TAKSÝT (BSMV);-1,57;632.955,38
16/07/2025;1801374784X160725190525ÜYE ÝÞYERÝ ÜCRETÝ - TAKSÝT;-31,34;632.956,95
16/07/2025;1801374784X160725190525TAKSÝTSATIÞ;2.726,28;632.988,29
16/07/2025;1801374784X160725140625PEÞÝNSATIÞKATKIPAYI;-9,18;630.262,01
16/07/2025;1801374784X160725140625PEÞÝNSATIÞ;1.834,90;630.271,19
15/07/2025;1801374784X150725140725ÜYE ÝÞYERÝ ÜCRETÝ - PEÞÝN (BSMV);-26,75;628.436,29
15/07/2025;1801374784X150725140725ÜYE ÝÞYERÝ ÜCRETÝ - PEÞÝN;-534,82;628.463,04
15/07/2025;1801374784X150725140725PEÞÝNSATIÞ;28.298,45;628.997,86
15/07/2025;1801374784X150725040625PEÞÝNSATIÞ;17.163,35;600.699,41
15/07/2025;1801374784X150725130625PEÞÝNSATIÞKATKIPAYI;-27,49;583.536,06
15/07/2025;1801374784X150725130625PEÞÝNSATIÞ;5.496,35;583.563,55
15/07/2025;1801374784X150725180425ÜYE ÝÞYERÝ ÜCRETÝ - TAKSÝT (BSMV);-0,92;578.067,20
15/07/2025;1801374784X150725180425ÜYE ÝÞYERÝ ÜCRETÝ - TAKSÝT;-18,47;578.068,12
15/07/2025;1801374784X150725180425TAKSÝTSATIÞ;1.606,78;578.086,59
15/07/2025;1801374784X150725170625ÜYE ÝÞYERÝ ÜCRETÝ - TAKSÝT (BSMV);-0,20;576.479,81
15/07/2025;1801374784X150725170625ÜYE ÝÞYERÝ ÜCRETÝ - TAKSÝT;-4,02;576.480,01
15/07/2025;1801374784X150725170625TAKSÝTLÝSATIÞKATKIPAYI;-7,00;576.484,03
15/07/2025;1801374784X150725170625TAKSÝTSATIÞ;350,23;576.491,03
14/07/2025;1801374784X140725130725ÜYE ÝÞYERÝ ÜCRETÝ - PEÞÝN (BSMV);-27,01;576.140,80
14/07/2025;1801374784X140725130725ÜYE ÝÞYERÝ ÜCRETÝ - PEÞÝN;-540,18;576.167,81
14/07/2025;1801374784X140725130725PEÞÝNSATIÞ;28.582,20;576.707,99
14/07/2025;1801374784X140725030625PEÞÝNSATIÞ;20.040,75;548.125,79
14/07/2025;1801374784X140725120625PEÞÝNSATIÞKATKIPAYI;-56,39;528.085,04
14/07/2025;1801374784X140725120625PEÞÝNSATIÞ;11.274,34;528.141,43
14/07/2025;1801374784X140725170525ÜYE ÝÞYERÝ ÜCRETÝ - TAKSÝT (BSMV);-0,29;516.867,09
14/07/2025;1801374784X140725170525ÜYE ÝÞYERÝ ÜCRETÝ - TAKSÝT;-5,75;516.867,38
14/07/2025;1801374784X140725170525TAKSÝTSATIÞ;500,22;516.873,13
13/07/2025;1801374784X130725120725ÜYE ÝÞYERÝ ÜCRETÝ - PEÞÝN (BSMV);-20,66;516.372,91
13/07/2025;1801374784X130725120725ÜYE ÝÞYERÝ ÜCRETÝ - PEÞÝN;-413,21;516.393,57
13/07/2025;1801374784X130725120725PEÞÝNSATIÞ;21.864,15;516.806,78
13/07/2025;1801374784X130725020625PEÞÝNSATIÞ;7.125,15;494.942,63
13/07/2025;1801374784X130725110625PEÞÝNSATIÞKATKIPAYI;-6,00;487.817,48
13/07/2025;1801374784X130725110625PEÞÝNSATIÞ;1.200,45;487.823,48
13/07/2025;1801374784X130725150625ÜYE ÝÞYERÝ ÜCRETÝ - TAKSÝT (BSMV);-0,38;486.623,03
13/07/2025;1801374784X130725150625ÜYE ÝÞYERÝ ÜCRETÝ - TAKSÝT;-7,53;486.623,41
13/07/2025;1801374784X130725150625TAKSÝTLÝSATIÞKATKIPAYI;-13,10;486.630,94
13/07/2025;1801374784X130725150625TAKSÝTSATIÞ;655,20;486.644,04
12/07/2025;1801374784X120725010625PEÞÝNSATIÞ;14.945,62;485.988,84
12/07/2025;1801374784X120725110725ÜYE ÝÞYERÝ ÜCRETÝ - PEÞÝN (BSMV);-4,02;471.043,22
12/07/2025;1801374784X120725110725ÜYE ÝÞYERÝ ÜCRETÝ - PEÞÝN;-80,30;471.047,24
12/07/2025;1801374784X120725110725PEÞÝNSATIÞ;4.249,00;471.127,54
12/07/2025;1801374784X120725100625PEÞÝNSATIÞKATKIPAYI;-10,90;466.878,54
12/07/2025;1801374784X120725100625PEÞÝNSATIÞ;2.179,95;466.889,44
12/07/2025;1801374784X120725140625ÜYE ÝÞYERÝ ÜCRETÝ - TAKSÝT (BSMV);-0,60;464.709,49
12/07/2025;1801374784X120725140625ÜYE ÝÞYERÝ ÜCRETÝ - TAKSÝT;-11,87;464.710,09
12/07/2025;1801374784X120725140625TAKSÝTLÝSATIÞKATKIPAYI;-31,00;464.721,96
12/07/2025;1801374784X120725140625TAKSÝTSATIÞ;1.033,17;464.752,96
11/07/2025;BSMV ELEKTRONÝK FON TRANSFERÝ (EFT) ÜCRETÝ-EFT/ALANYA ÖZKAN KI/Virman;-7,62;463.719,79
11/07/2025;ELEKTRONÝK FON TRANSFERÝ (EFT) ÜCRETÝ-EFT/ALANYA ÖZKAN KI/Virman;-152,35;463.727,41
11/07/2025;GÝDEN EFT - ALANYA ÖZKAN KIRTASÝYE MAT.YAY.ÝNS.TÝC.LTD.ÞTÝ - Virman;-500.000,00;463.879,76
11/07/2025;1801374784X110725100725ÜYE ÝÞYERÝ ÜCRETÝ - PEÞÝN (BSMV);-45,58;963.879,76
11/07/2025;1801374784X110725100725ÜYE ÝÞYERÝ ÜCRETÝ - PEÞÝN;-911,49;963.925,34
11/07/2025;1801374784X110725100725PEÞÝNSATIÞ;48.228,68;964.836,83
11/07/2025;1801374784X110725310525PEÞÝNSATIÞ;7.897,25;916.608,15
11/07/2025;1801374784X110725090625PEÞÝNSATIÞKATKIPAYI;-9,03;908.710,90
11/07/2025;1801374784X110725090625PEÞÝNSATIÞ;1.804,30;908.719,93
11/07/2025;1801374784X110725130625ÜYE ÝÞYERÝ ÜCRETÝ - TAKSÝT (BSMV);-0,86;906.915,63
11/07/2025;1801374784X110725130625ÜYE ÝÞYERÝ ÜCRETÝ - TAKSÝT;-17,23;906.916,49
11/07/2025;1801374784X110725130625TAKSÝTLÝSATIÞKATKIPAYI;-44,97;906.933,72
11/07/2025;1801374784X110725130625TAKSÝTSATIÞ;1.499,00;906.978,69
10/07/2025;1801374784X100725090725ÜYE ÝÞYERÝ ÜCRETÝ - PEÞÝN (BSMV);-27,04;905.479,69
10/07/2025;1801374784X100725090725ÜYE ÝÞYERÝ ÜCRETÝ - PEÞÝN;-540,67;905.506,73
10/07/2025;1801374784X100725090725PEÞÝNSATIÞ;28.607,69;906.047,40
10/07/2025;1801374784X100725300525PEÞÝNSATIÞ;9.358,60;877.439,71
10/07/2025;1801374784X100725120625ÜYE ÝÞYERÝ ÜCRETÝ - TAKSÝT (BSMV);-0,30;868.081,11
10/07/2025;1801374784X100725120625ÜYE ÝÞYERÝ ÜCRETÝ - TAKSÝT;-6,03;868.081,41
10/07/2025;1801374784X100725120625TAKSÝTLÝSATIÞKATKIPAYI;-10,50;868.087,44
10/07/2025;1801374784X100725120625TAKSÝTSATIÞ;524,75;868.097,94
09/07/2025;GELEN HAVALE -EKREM KASMUÞ -;12.747,00;867.573,19
09/07/2025;1801374784X090725080725ÜYE ÝÞYERÝ ÜCRETÝ - PEÞÝN (BSMV);-14,90;854.826,19
09/07/2025;1801374784X090725080725ÜYE ÝÞYERÝ ÜCRETÝ - PEÞÝN;-298,07;854.841,09
09/07/2025;1801374784X090725080725PEÞÝNSATIÞ;15.771,50;855.139,16
09/07/2025;1801374784X090725290525PEÞÝNSATIÞ;7.429,96;839.367,66
09/07/2025;1801374784X090725120425ÜYE ÝÞYERÝ ÜCRETÝ - TAKSÝT (BSMV);-0,21;831.937,70
09/07/2025;1801374784X090725120425ÜYE ÝÞYERÝ ÜCRETÝ - TAKSÝT;-4,21;831.937,91
09/07/2025;1801374784X090725120425TAKSÝTSATIÞ;366,81;831.942,12
08/07/2025;1801374784X080725070725ÜYE ÝÞYERÝ ÜCRETÝ - PEÞÝN (BSMV);-16,82;831.575,31
08/07/2025;1801374784X080725070725ÜYE ÝÞYERÝ ÜCRETÝ - PEÞÝN;-336,45;831.592,13
08/07/2025;1801374784X080725070725PEÞÝNSATIÞ;17.802,75;831.928,58
08/07/2025;1801374784X080725280525PEÞÝNSATIÞ;5.209,15;814.125,83
08/07/2025;1801374784X080725100625ÜYE ÝÞYERÝ ÜCRETÝ - TAKSÝT (BSMV);-0,23;808.916,68
08/07/2025;1801374784X080725100625ÜYE ÝÞYERÝ ÜCRETÝ - TAKSÝT;-4,66;808.916,91
08/07/2025;1801374784X080725100625TAKSÝTLÝSATIÞKATKIPAYI;-8,11;808.921,57
08/07/2025;1801374784X080725100625TAKSÝTSATIÞ;405,60;808.929,68
07/07/2025;1801374784X070725060725ÜYE ÝÞYERÝ ÜCRETÝ - PEÞÝN (BSMV);-39,80;808.524,08
07/07/2025;1801374784X070725060725ÜYE ÝÞYERÝ ÜCRETÝ - PEÞÝN;-796,09;808.563,88
07/07/2025;1801374784X070725060725PEÞÝNSATIÞ;42.122,95;809.359,97
07/07/2025;1801374784X070725270525PEÞÝNSATIÞ;4.490,50;767.237,02
07/07/2025;1801374784X070725050625PEÞÝNSATIÞKATKIPAYI;-7,13;762.746,52
07/07/2025;1801374784X070725050625PEÞÝNSATIÞ;1.425,50;762.753,65
07/07/2025;1801374784X070725100425ÜYE ÝÞYERÝ ÜCRETÝ - TAKSÝT (BSMV);-0,64;761.328,15
07/07/2025;1801374784X070725100425ÜYE ÝÞYERÝ ÜCRETÝ - TAKSÝT;-12,86;761.328,79
07/07/2025;1801374784X070725100425TAKSÝTSATIÞ;1.118,30;761.341,65
07/07/2025;1801374784X070725090625ÜYE ÝÞYERÝ ÜCRETÝ - TAKSÝT (BSMV);-0,64;760.223,35
07/07/2025;1801374784X070725090625ÜYE ÝÞYERÝ ÜCRETÝ - TAKSÝT;-12,79;760.223,99
07/07/2025;1801374784X070725090625TAKSÝTLÝSATIÞKATKIPAYI;-33,37;760.236,78
07/07/2025;1801374784X070725090625TAKSÝTSATIÞ;1.112,28;760.270,15
06/07/2025;1801374784X060725050725ÜYE ÝÞYERÝ ÜCRETÝ - PEÞÝN (BSMV);-57,00;759.157,87
06/07/2025;1801374784X060725050725ÜYE ÝÞYERÝ ÜCRETÝ - PEÞÝN;-1.139,78;759.214,87
06/07/2025;1801374784X060725050725PEÞÝNSATIÞ;60.307,65;760.354,65
06/07/2025;1801374784X060725260525PEÞÝNSATIÞ;15.406,25;700.047,00
06/07/2025;1801374784X060725040625PEÞÝNSATIÞKATKIPAYI;-3,08;684.640,75
06/07/2025;1801374784X060725040625PEÞÝNSATIÞ;615,45;684.643,83
05/07/2025;1801374784X050725250525PEÞÝNSATIÞ;29.833,00;684.028,38
05/07/2025;1801374784X050725040725ÜYE ÝÞYERÝ ÜCRETÝ - PEÞÝN (BSMV);-10,39;654.195,38
05/07/2025;1801374784X050725040725ÜYE ÝÞYERÝ ÜCRETÝ - PEÞÝN;-207,85;654.205,77
05/07/2025;1801374784X050725040725PEÞÝNSATIÞ;10.997,90;654.413,62
05/07/2025;1801374784X050725030625PEÞÝNSATIÞKATKIPAYI;-23,53;643.415,72
05/07/2025;1801374784X050725030625PEÞÝNSATIÞ;4.705,40;643.439,25
05/07/2025;1801374784X050725080525ÜYE ÝÞYERÝ ÜCRETÝ - TAKSÝT (BSMV);-0,49;638.733,85
05/07/2025;1801374784X050725080525ÜYE ÝÞYERÝ ÜCRETÝ - TAKSÝT;-9,82;638.734,34
05/07/2025;1801374784X050725080525TAKSÝTSATIÞ;855,00;638.744,16
04/07/2025;1801374784X040725030725ÜYE ÝÞYERÝ ÜCRETÝ - PEÞÝN (BSMV);-15,79;637.889,16
04/07/2025;1801374784X040725030725ÜYE ÝÞYERÝ ÜCRETÝ - PEÞÝN;-315,82;637.904,95
04/07/2025;1801374784X040725030725PEÞÝNSATIÞ;16.710,90;638.220,77
04/07/2025;1801374784X040725240525PEÞÝNSATIÞ;12.917,79;621.509,87
04/07/2025;1801374784X040725070425ÜYE ÝÞYERÝ ÜCRETÝ - TAKSÝT (BSMV);-0,79;608.592,08
04/07/2025;1801374784X040725070425ÜYE ÝÞYERÝ ÜCRETÝ - TAKSÝT;-15,78;608.592,87
04/07/2025;1801374784X040725070425TAKSÝTSATIÞ;1.372,65;608.608,65
03/07/2025;1801374784X030725020725ÜYE ÝÞYERÝ ÜCRETÝ - PEÞÝN (BSMV);-85,36;607.236,00
03/07/2025;1801374784X030725020725ÜYE ÝÞYERÝ ÜCRETÝ - PEÞÝN;-1.707,18;607.321,36
03/07/2025;1801374784X030725020725PEÞÝNSATIÞ;90.329,85;609.028,54
03/07/2025;1801374784X030725010625PEÞÝNSATIÞKATKIPAYI;-26,41;518.698,69
03/07/2025;1801374784X030725010625PEÞÝNSATIÞ;5.279,70;518.725,10
03/07/2025;1801374784X030725050625ÜYE ÝÞYERÝ ÜCRETÝ - TAKSÝT (BSMV);-1,00;513.445,40
03/07/2025;1801374784X030725050625ÜYE ÝÞYERÝ ÜCRETÝ - TAKSÝT;-20,10;513.446,40
03/07/2025;1801374784X030725050625TAKSÝTLÝSATIÞKATKIPAYI;-44,98;513.466,50
03/07/2025;1801374784X030725050625TAKSÝTSATIÞ;1.749,00;513.511,48
03/07/2025;1801374784X030725230525PEÞÝNSATIÞ;1.620,40;511.762,48
03/07/2025;1801374784X030725060525ÜYE ÝÞYERÝ ÜCRETÝ - TAKSÝT (BSMV);-0,16;510.142,08
03/07/2025;1801374784X030725060525ÜYE ÝÞYERÝ ÜCRETÝ - TAKSÝT;-3,27;510.142,24
03/07/2025;1801374784X030725060525TAKSÝTSATIÞ;285,00;510.145,51
02/07/2025;1801374784X020725220525PEÞÝNSATIÞ;6.747,81;509.860,51
02/07/2025;1801374784X020725310525PEÞÝNSATIÞKATKIPAYI;-28,22;503.112,70
02/07/2025;1801374784X020725310525PEÞÝNSATIÞ;5.644,22;503.140,92
01/07/2025;1801374784X010725210525PEÞÝNSATIÞ;7.355,84;497.496,70
01/07/2025;1801374784X010725040525ÜYE ÝÞYERÝ ÜCRETÝ - TAKSÝT (BSMV);-0,44;490.140,86
01/07/2025;1801374784X010725040525ÜYE ÝÞYERÝ ÜCRETÝ - TAKSÝT;-8,81;490.141,30
01/07/2025;1801374784X010725040525TAKSÝTSATIÞ;766,65;490.150,11
