Tarih;Açýklama;Ýþlem Tutarý;Güncel Bakiye
01.04.2025;1801374784X010425280225PEÞÝNSATIÞ;54,90;60.731,33
01.04.2025;1801374784X010425280225PEÞÝNSATIÞKATKIPAYI;-0,28;60.731,05
01.04.2025;1801374784X010425030125TAKSÝTSATIÞ;359,98;61.091,03
01.04.2025;1801374784X010425030125ÜYE ÝÞYERÝ ÜCRETÝ - TAKSÝT;-4,13;61.086,90
01.04.2025;1801374784X010425030125ÜYE ÝÞYERÝ ÜCRETÝ - TAKSÝT (BSMV);-0,21;61.086,69
01.04.2025;1801374784X010425190225PEÞÝNSATIÞ;15431,57;76.518,26
02.04.2025;1801374784X020425010325PEÞÝNSATIÞ;1663,60;78.181,86
02.04.2025;1801374784X020425010325PEÞÝNSATIÞKATKIPAYI;-8,32;78.173,54
02.04.2025;1801374784X020425200225PEÞÝNSATIÞ;22036,27;100.209,81
03.04.2025;1801374784X030425020325PEÞÝNSATIÞ;880,30;101.090,11
03.04.2025;1801374784X030425020325PEÞÝNSATIÞKATKIPAYI;-4,40;101.085,71
03.04.2025;1801374784X030425210225PEÞÝNSATIÞ;18445,50;119.531,21
04.04.2025;1801374784X040425030325PEÞÝNSATIÞ;650,35;120.181,56
04.04.2025;1801374784X040425030325PEÞÝNSATIÞKATKIPAYI;-3,25;120.178,31
04.04.2025;1801374784X040425030425PEÞÝNSATIÞ;5565,60;125.743,91
04.04.2025;1801374784X040425030425ÜYE ÝÞYERÝ ÜCRETÝ - PEÞÝN;-105,18;125.638,73
04.04.2025;1801374784X040425030425ÜYE ÝÞYERÝ ÜCRETÝ - PEÞÝN (BSMV);-5,26;125.633,47
04.04.2025;1801374784X040425220225PEÞÝNSATIÞ;45480,72;171.114,19
04.04.2025;GÝDEN EFT - ALANYA ÖZKAN KIRTASÝYE MATBAACILIK YAYINCILIK ÝNÞAAT TÝCARET LÝMÝTED ÞÝRKETÝ - Halkbank Hesabýna;-160000,00;11.114,19
04.04.2025;ELEKTRONÝK FON TRANSFERÝ (EFT) ÜCRETÝ-EFT/ALANYA ÖZKAN KI/Halkbank Hesab;-12,19;11.102,00
04.04.2025;BSMV ELEKTRONÝK FON TRANSFERÝ (EFT) ÜCRETÝ-EFT/ALANYA ÖZKAN KI/Halkbank Hesab;-0,61;11.101,39
05.04.2025;1801374784X050425040325PEÞÝNSATIÞ;3517,30;14.618,69
05.04.2025;1801374784X050425040325PEÞÝNSATIÞKATKIPAYI;-17,59;14.601,10
05.04.2025;1801374784X050425040425PEÞÝNSATIÞ;5304,35;19.905,45
05.04.2025;1801374784X050425040425ÜYE ÝÞYERÝ ÜCRETÝ - PEÞÝN;-100,23;19.805,22
05.04.2025;1801374784X050425040425ÜYE ÝÞYERÝ ÜCRETÝ - PEÞÝN (BSMV);-5,02;19.800,20
05.04.2025;1801374784X050425230225PEÞÝNSATIÞ;48149,28;67.949,48
06.04.2025;1801374784X060425070225TAKSÝTSATIÞ;1046,57;68.996,05
06.04.2025;1801374784X060425070225ÜYE ÝÞYERÝ ÜCRETÝ - TAKSÝT;-12,03;68.984,02
06.04.2025;1801374784X060425070225ÜYE ÝÞYERÝ ÜCRETÝ - TAKSÝT (BSMV);-0,60;68.983,42
06.04.2025;1801374784X060425240225PEÞÝNSATIÞ;77705,54;146.688,96
07.04.2025;1801374784X070425060425PEÞÝNSATIÞ;129,95;146.818,91
07.04.2025;1801374784X070425060425ÜYE ÝÞYERÝ ÜCRETÝ - PEÞÝN;-2,45;146.816,46
07.04.2025;1801374784X070425060425ÜYE ÝÞYERÝ ÜCRETÝ - PEÞÝN (BSMV);-0,12;146.816,34
07.04.2025;1801374784X070425060325PEÞÝNSATIÞ;3387,95;150.204,29
07.04.2025;1801374784X070425060325PEÞÝNSATIÞKATKIPAYI;-16,94;150.187,35
07.04.2025;1801374784X070425250225PEÞÝNSATIÞ;7870,34;158.057,69
08.04.2025;1801374784X080425070325PEÞÝNSATIÞ;504,50;158.562,19
08.04.2025;1801374784X080425070325PEÞÝNSATIÞKATKIPAYI;-2,53;158.559,66
08.04.2025;1801374784X080425260225PEÞÝNSATIÞ;11523,10;170.082,76
09.04.2025;1801374784X090425080325PEÞÝNSATIÞ;3774,90;173.857,66
09.04.2025;1801374784X090425080325PEÞÝNSATIÞKATKIPAYI;-18,88;173.838,78
09.04.2025;1801374784X090425270225PEÞÝNSATIÞ;10742,35;184.581,13
10.04.2025;1801374784X100425090325PEÞÝNSATIÞ;360,40;184.941,53
10.04.2025;1801374784X100425090325PEÞÝNSATIÞKATKIPAYI;-1,80;184.939,73
10.04.2025;1801374784X100425280225PEÞÝNSATIÞ;18124,00;203.063,73
10.04.2025;GÝDEN FAST - ENTEGRA BÝLÝÞÝM SANAYÝ VE TÝCARET A.Þ - Fenerium internet erisim faturasi odemesi fatura no 164-86;-929,50;202.134,23
10.04.2025;ELEKTRONÝK FON TRANSFERÝ (EFT) ÜCRETÝ-FAST/ENTEGRA BÝLÝÞÝM/Fenerium inte;-6,09;202.128,14
10.04.2025;BSMV ELEKTRONÝK FON TRANSFERÝ (EFT) ÜCRETÝ-FAST/ENTEGRA BÝLÝÞÝM/Fenerium inte;-0,30;202.127,84
11.04.2025;1801374784X110425100325PEÞÝNSATIÞ;3375,95;205.503,79
11.04.2025;1801374784X110425100325PEÞÝNSATIÞKATKIPAYI;-16,88;205.486,91
11.04.2025;1801374784X110425100425PEÞÝNSATIÞ;7138,75;212.625,66
11.04.2025;1801374784X110425100425ÜYE ÝÞYERÝ ÜCRETÝ - PEÞÝN;-134,91;212.490,75
11.04.2025;1801374784X110425100425ÜYE ÝÞYERÝ ÜCRETÝ - PEÞÝN (BSMV);-6,74;212.484,01
11.04.2025;1801374784X110425010325PEÞÝNSATIÞ;9203,40;221.687,41
12.04.2025;1801374784X120425130225TAKSÝTSATIÞ;1499,75;223.187,16
12.04.2025;1801374784X120425130225ÜYE ÝÞYERÝ ÜCRETÝ - TAKSÝT;-17,24;223.169,92
12.04.2025;1801374784X120425130225ÜYE ÝÞYERÝ ÜCRETÝ - TAKSÝT (BSMV);-0,86;223.169,06
12.04.2025;1801374784X120425020325PEÞÝNSATIÞ;15603,20;238.772,26
13.04.2025;1801374784X130425120325PEÞÝNSATIÞ;450,40;239.222,66
13.04.2025;1801374784X130425120325PEÞÝNSATIÞKATKIPAYI;-2,25;239.220,41
13.04.2025;1801374784X130425140225TAKSÝTSATIÞ;1078,50;240.298,91
13.04.2025;1801374784X130425140225ÜYE ÝÞYERÝ ÜCRETÝ - TAKSÝT;-12,40;240.286,51
13.04.2025;1801374784X130425140225ÜYE ÝÞYERÝ ÜCRETÝ - TAKSÝT (BSMV);-0,62;240.285,89
13.04.2025;1801374784X130425120425PEÞÝNSATIÞ;2249,50;242.535,39
13.04.2025;1801374784X130425120425ÜYE ÝÞYERÝ ÜCRETÝ - PEÞÝN;-42,51;242.492,88
13.04.2025;1801374784X130425120425ÜYE ÝÞYERÝ ÜCRETÝ - PEÞÝN (BSMV);-2,13;242.490,75
13.04.2025;1801374784X130425030325PEÞÝNSATIÞ;16340,60;258.831,35
14.04.2025;1801374784X140425130325PEÞÝNSATIÞ;599,95;259.431,30
14.04.2025;1801374784X140425130325PEÞÝNSATIÞKATKIPAYI;-3,00;259.428,30
14.04.2025;1801374784X140425040325PEÞÝNSATIÞ;3215,50;262.643,80
14.04.2025;GÝDEN EFT - Alanya ÖZKAN KIRTASÝYE MAT.YAY.ÝNÞ.TÝC.LTD.ÞTÝ - Virman;-150000,00;112.643,80
14.04.2025;ELEKTRONÝK FON TRANSFERÝ (EFT) ÜCRETÝ-EFT/Alanya ÖZKAN KI/Virman;-12,19;112.631,61
14.04.2025;BSMV ELEKTRONÝK FON TRANSFERÝ (EFT) ÜCRETÝ-EFT/Alanya ÖZKAN KI/Virman;-0,61;112.631,00
15.04.2025;1801374784X150425140425PEÞÝNSATIÞ;350,45;112.981,45
15.04.2025;1801374784X150425140425ÜYE ÝÞYERÝ ÜCRETÝ - PEÞÝN;-6,62;112.974,83
15.04.2025;1801374784X150425140425ÜYE ÝÞYERÝ ÜCRETÝ - PEÞÝN (BSMV);-0,33;112.974,50
15.04.2025;1801374784X150425180325TAKSÝTSATIÞ;608,45;113.582,95
15.04.2025;1801374784X150425180325TAKSÝTLÝSATIÞKATKIPAYI;-18,25;113.564,70
15.04.2025;1801374784X150425180325ÜYE ÝÞYERÝ ÜCRETÝ - TAKSÝT;-6,99;113.557,71
15.04.2025;1801374784X150425180325ÜYE ÝÞYERÝ ÜCRETÝ - TAKSÝT (BSMV);-0,35;113.557,36
15.04.2025;1801374784X150425160225TAKSÝTSATIÞ;4486,04;118.043,40
15.04.2025;1801374784X150425160225ÜYE ÝÞYERÝ ÜCRETÝ - TAKSÝT;-51,57;117.991,83
15.04.2025;1801374784X150425160225ÜYE ÝÞYERÝ ÜCRETÝ - TAKSÝT (BSMV);-2,57;117.989,26
15.04.2025;1801374784X150425050325PEÞÝNSATIÞ;11420,06;129.409,32
16.04.2025;1801374784X160425060325PEÞÝNSATIÞ;5265,75;134.675,07
16.04.2025;1801374784X160425150325PEÞÝNSATIÞ;8957,25;143.632,32
16.04.2025;1801374784X160425150325PEÞÝNSATIÞKATKIPAYI;-44,79;143.587,53
16.04.2025;GÝDEN EFT - ALANYA ÖZKAN KIRTASÝYE MAT.YAY.ÝNS.TÝC.LTD.ÞTÝ - Virman;-140000,00;3.587,53
16.04.2025;ELEKTRONÝK FON TRANSFERÝ (EFT) ÜCRETÝ-EFT/ALANYA ÖZKAN KI/Virman;-12,19;3.575,34
16.04.2025;BSMV ELEKTRONÝK FON TRANSFERÝ (EFT) ÜCRETÝ-EFT/ALANYA ÖZKAN KI/Virman;-0,61;3.574,73
17.04.2025;1801374784X170425190125TAKSÝTSATIÞ;1786,75;5.361,48
17.04.2025;1801374784X170425190125ÜYE ÝÞYERÝ ÜCRETÝ - TAKSÝT;-20,54;5.340,94
17.04.2025;1801374784X170425190125ÜYE ÝÞYERÝ ÜCRETÝ - TAKSÝT (BSMV);-1,03;5.339,91
17.04.2025;1801374784X170425160325PEÞÝNSATIÞ;2013,90;7.353,81
17.04.2025;1801374784X170425160325PEÞÝNSATIÞKATKIPAYI;-10,07;7.343,74
17.04.2025;1801374784X170425070325PEÞÝNSATIÞ;7750,30;15.094,04
17.04.2025;1801374784X170425160425PEÞÝNSATIÞ;13657,00;28.751,04
17.04.2025;1801374784X170425160425ÜYE ÝÞYERÝ ÜCRETÝ - PEÞÝN;-258,11;28.492,93
17.04.2025;1801374784X170425160425ÜYE ÝÞYERÝ ÜCRETÝ - PEÞÝN (BSMV);-12,90;28.480,03
18.04.2025;1801374784X180425200125TAKSÝTSATIÞ;1540,09;30.020,12
18.04.2025;1801374784X180425200125ÜYE ÝÞYERÝ ÜCRETÝ - TAKSÝT;-17,71;30.002,41
18.04.2025;1801374784X180425200125ÜYE ÝÞYERÝ ÜCRETÝ - TAKSÝT (BSMV);-0,89;30.001,52
18.04.2025;1801374784X180425210325TAKSÝTSATIÞ;2263,10;32.264,62
18.04.2025;1801374784X180425210325TAKSÝTLÝSATIÞKATKIPAYI;-45,26;32.219,36
18.04.2025;1801374784X180425210325ÜYE ÝÞYERÝ ÜCRETÝ - TAKSÝT;-26,02;32.193,34
18.04.2025;1801374784X180425210325ÜYE ÝÞYERÝ ÜCRETÝ - TAKSÝT (BSMV);-1,30;32.192,04
18.04.2025;1801374784X180425080325PEÞÝNSATIÞ;21502,10;53.694,14
19.04.2025;1801374784X190425180325PEÞÝNSATIÞ;2255,45;55.949,59
19.04.2025;1801374784X190425180325PEÞÝNSATIÞKATKIPAYI;-11,29;55.938,30
19.04.2025;1801374784X190425200225TAKSÝTSATIÞ;3447,33;59.385,63
19.04.2025;1801374784X190425200225ÜYE ÝÞYERÝ ÜCRETÝ - TAKSÝT;-39,64;59.345,99
19.04.2025;1801374784X190425200225ÜYE ÝÞYERÝ ÜCRETÝ - TAKSÝT (BSMV);-1,98;59.344,01
19.04.2025;1801374784X190425180425PEÞÝNSATIÞ;5584,50;64.928,51
19.04.2025;1801374784X190425180425ÜYE ÝÞYERÝ ÜCRETÝ - PEÞÝN;-105,54;64.822,97
19.04.2025;1801374784X190425180425ÜYE ÝÞYERÝ ÜCRETÝ - PEÞÝN (BSMV);-5,28;64.817,69
19.04.2025;1801374784X190425090325PEÞÝNSATIÞ;7916,65;72.734,34
20.04.2025;1801374784X200425190325PEÞÝNSATIÞ;1605,25;74.339,59
20.04.2025;1801374784X200425190325PEÞÝNSATIÞKATKIPAYI;-8,03;74.331,56
20.04.2025;1801374784X200425100325PEÞÝNSATIÞ;2800,00;77.131,56
20.04.2025;1801374784X200425190425PEÞÝNSATIÞ;4600,45;81.732,01
20.04.2025;1801374784X200425190425ÜYE ÝÞYERÝ ÜCRETÝ - PEÞÝN;-86,94;81.645,07
20.04.2025;1801374784X200425190425ÜYE ÝÞYERÝ ÜCRETÝ - PEÞÝN (BSMV);-4,35;81.640,72
20.04.2025;1801374784X200425210225TAKSÝTSATIÞ;5171,77;86.812,49
20.04.2025;1801374784X200425210225ÜYE ÝÞYERÝ ÜCRETÝ - TAKSÝT;-59,45;86.753,04
20.04.2025;1801374784X200425210225ÜYE ÝÞYERÝ ÜCRETÝ - TAKSÝT (BSMV);-2,98;86.750,06
21.04.2025;1801374784X210425200425PEÞÝNSATIÞ;470,40;87.220,46
21.04.2025;1801374784X210425200425ÜYE ÝÞYERÝ ÜCRETÝ - PEÞÝN;-8,89;87.211,57
21.04.2025;1801374784X210425200425ÜYE ÝÞYERÝ ÜCRETÝ - PEÞÝN (BSMV);-0,44;87.211,13
21.04.2025;1801374784X210425220225TAKSÝTSATIÞ;999,83;88.210,96
21.04.2025;1801374784X210425220225ÜYE ÝÞYERÝ ÜCRETÝ - TAKSÝT;-11,49;88.199,47
21.04.2025;1801374784X210425220225ÜYE ÝÞYERÝ ÜCRETÝ - TAKSÝT (BSMV);-0,57;88.198,90
21.04.2025;1801374784X210425110325PEÞÝNSATIÞ;21126,75;109.325,65
21.04.2025;455359******1405 OTOMATIK ODEME;-4538,00;104.787,65
22.04.2025;1801374784X220425230225TAKSÝTSATIÞ;860,13;105.647,78
22.04.2025;1801374784X220425230225ÜYE ÝÞYERÝ ÜCRETÝ - TAKSÝT;-9,89;105.637,89
22.04.2025;1801374784X220425230225ÜYE ÝÞYERÝ ÜCRETÝ - TAKSÝT (BSMV);-0,49;105.637,40
22.04.2025;1801374784X220425210325PEÞÝNSATIÞ;2859,30;108.496,70
22.04.2025;1801374784X220425210325PEÞÝNSATIÞKATKIPAYI;-14,30;108.482,40
22.04.2025;1801374784X220425120325PEÞÝNSATIÞ;10010,10;118.492,50
23.04.2025;1801374784X230425260325TAKSÝTSATIÞ;450,23;118.942,73
23.04.2025;1801374784X230425260325TAKSÝTLÝSATIÞKATKIPAYI;-9,00;118.933,73
23.04.2025;1801374784X230425260325ÜYE ÝÞYERÝ ÜCRETÝ - TAKSÝT;-5,17;118.928,56
23.04.2025;1801374784X230425260325ÜYE ÝÞYERÝ ÜCRETÝ - TAKSÝT (BSMV);-0,26;118.928,30
23.04.2025;1801374784X230425130325PEÞÝNSATIÞ;10606,70;129.535,00
24.04.2025;1801374784X240425260125TAKSÝTSATIÞ;1157,32;130.692,32
24.04.2025;1801374784X240425260125ÜYE ÝÞYERÝ ÜCRETÝ - TAKSÝT;-13,30;130.679,02
24.04.2025;1801374784X240425260125ÜYE ÝÞYERÝ ÜCRETÝ - TAKSÝT (BSMV);-0,67;130.678,35
24.04.2025;1801374784X240425230425PEÞÝNSATIÞ;5699,50;136.377,85
24.04.2025;1801374784X240425230425ÜYE ÝÞYERÝ ÜCRETÝ - PEÞÝN;-107,70;136.270,15
24.04.2025;1801374784X240425230425ÜYE ÝÞYERÝ ÜCRETÝ - PEÞÝN (BSMV);-5,38;136.264,77
24.04.2025;1801374784X240425140325PEÞÝNSATIÞ;10788,29;147.053,06
25.04.2025;1801374784X250425260225TAKSÝTSATIÞ;363,46;147.416,52
25.04.2025;1801374784X250425260225ÜYE ÝÞYERÝ ÜCRETÝ - TAKSÝT;-4,17;147.412,35
25.04.2025;1801374784X250425260225ÜYE ÝÞYERÝ ÜCRETÝ - TAKSÝT (BSMV);-0,21;147.412,14
25.04.2025;1801374784X250425240425PEÞÝNSATIÞ;760,30;148.172,44
25.04.2025;1801374784X250425240425ÜYE ÝÞYERÝ ÜCRETÝ - PEÞÝN;-14,36;148.158,08
25.04.2025;1801374784X250425240425ÜYE ÝÞYERÝ ÜCRETÝ - PEÞÝN (BSMV);-0,72;148.157,36
25.04.2025;1801374784X250425270125TAKSÝTSATIÞ;1148,60;149.305,96
25.04.2025;1801374784X250425270125ÜYE ÝÞYERÝ ÜCRETÝ - TAKSÝT;-13,20;149.292,76
25.04.2025;1801374784X250425270125ÜYE ÝÞYERÝ ÜCRETÝ - TAKSÝT (BSMV);-0,66;149.292,10
25.04.2025;1801374784X250425150325PEÞÝNSATIÞ;6004,60;155.296,70
26.04.2025;1801374784X260425250325PEÞÝNSATIÞ;725,45;156.022,15
26.04.2025;1801374784X260425250325PEÞÝNSATIÞKATKIPAYI;-3,63;156.018,52
26.04.2025;1801374784X260425250425PEÞÝNSATIÞ;1820,30;157.838,82
26.04.2025;1801374784X260425250425ÜYE ÝÞYERÝ ÜCRETÝ - PEÞÝN;-34,40;157.804,42
26.04.2025;1801374784X260425250425ÜYE ÝÞYERÝ ÜCRETÝ - PEÞÝN (BSMV);-1,72;157.802,70
26.04.2025;1801374784X260425160325PEÞÝNSATIÞ;12982,75;170.785,45
27.04.2025;1801374784X270425260425PEÞÝNSATIÞ;4085,79;174.871,24
27.04.2025;1801374784X270425260425ÜYE ÝÞYERÝ ÜCRETÝ - PEÞÝN;-77,22;174.794,02
27.04.2025;1801374784X270425260425ÜYE ÝÞYERÝ ÜCRETÝ - PEÞÝN (BSMV);-3,86;174.790,16
27.04.2025;1801374784X270425170325PEÞÝNSATIÞ;10022,50;184.812,66
28.04.2025;1801374784X280425270325PEÞÝNSATIÞ;350,45;185.163,11
28.04.2025;1801374784X280425270325PEÞÝNSATIÞKATKIPAYI;-1,75;185.161,36
28.04.2025;1801374784X280425180325PEÞÝNSATIÞ;3803,65;188.965,01
29.04.2025;1801374784X290425190325PEÞÝNSATIÞ;349,95;189.314,96
29.04.2025;1801374784X290425280325PEÞÝNSATIÞ;2384,35;191.699,31
29.04.2025;1801374784X290425280325PEÞÝNSATIÞKATKIPAYI;-11,92;191.687,39
29.04.2025;2425181907 TELEKOM;-153,50;191.533,89
29.04.2025;POS-1801374784 04/25 Belge ve Bilgilendirme Ücreti-Basýlý Ekstre;-29,00;191.504,89
29.04.2025;BSMV POS-1801374784 04/25 Belge ve Bilgilendirme Ücreti-Basýlý Ekstre;-1,45;191.503,44
30.04.2025;1801374784X300425200325PEÞÝNSATIÞ;187,40;191.690,84
30.04.2025;1801374784X300425290325PEÞÝNSATIÞ;660,50;192.351,34
30.04.2025;1801374784X300425290325PEÞÝNSATIÞKATKIPAYI;-3,31;192.348,03
30.04.2025;1801374784X300425020425TAKSÝTSATIÞ;4449,31;196.797,34
30.04.2025;1801374784X300425020425TAKSÝTLÝSATIÞKATKIPAYI;-133,48;196.663,86
30.04.2025;1801374784X300425020425ÜYE ÝÞYERÝ ÜCRETÝ - TAKSÝT;-51,15;196.612,71
30.04.2025;1801374784X300425020425ÜYE ÝÞYERÝ ÜCRETÝ - TAKSÝT (BSMV);-2,56;196.610,15
01.05.2025;1801374784X010525300425PEÞÝNSATIÞ;1305,20;197.915,35
01.05.2025;1801374784X010525300425ÜYE ÝÞYERÝ ÜCRETÝ - PEÞÝN;-24,66;197.890,69
01.05.2025;1801374784X010525300425ÜYE ÝÞYERÝ ÜCRETÝ - PEÞÝN (BSMV);-1,23;197.889,46
01.05.2025;1801374784X010525210325PEÞÝNSATIÞ;5805,90;203.695,36
02.05.2025;1801374784X020525310325PEÞÝNSATIÞ;341,60;204.036,96
02.05.2025;1801374784X020525310325PEÞÝNSATIÞKATKIPAYI;-1,71;204.035,25
02.05.2025;1801374784X020525010525PEÞÝNSATIÞ;8485,20;212.520,45
02.05.2025;1801374784X020525010525ÜYE ÝÞYERÝ ÜCRETÝ - PEÞÝN;-160,37;212.360,08
02.05.2025;1801374784X020525010525ÜYE ÝÞYERÝ ÜCRETÝ - PEÞÝN (BSMV);-8,02;212.352,06
02.05.2025;1801374784X020525220325PEÞÝNSATIÞ;19953,65;232.305,71
03.05.2025;1801374784X030525230325PEÞÝNSATIÞ;2958,45;235.264,16
03.05.2025;1801374784X030525020525PEÞÝNSATIÞ;9639,85;244.904,01
03.05.2025;1801374784X030525020525ÜYE ÝÞYERÝ ÜCRETÝ - PEÞÝN;-182,18;244.721,83
03.05.2025;1801374784X030525020525ÜYE ÝÞYERÝ ÜCRETÝ - PEÞÝN (BSMV);-9,11;244.712,72
03.05.2025;1801374784X030525010425PEÞÝNSATIÞ;14524,25;259.236,97
03.05.2025;1801374784X030525010425PEÞÝNSATIÞKATKIPAYI;-72,62;259.164,35
04.05.2025;1801374784X040525030525PEÞÝNSATIÞ;190,00;259.354,35
04.05.2025;1801374784X040525030525ÜYE ÝÞYERÝ ÜCRETÝ - PEÞÝN;-3,59;259.350,76
04.05.2025;1801374784X040525030525ÜYE ÝÞYERÝ ÜCRETÝ - PEÞÝN (BSMV);-0,18;259.350,58
04.05.2025;1801374784X040525240325PEÞÝNSATIÞ;2730,65;262.081,23
04.05.2025;1801374784X040525020425PEÞÝNSATIÞ;4620,40;266.701,63
04.05.2025;1801374784X040525020425PEÞÝNSATIÞKATKIPAYI;-23,10;266.678,53
05.05.2025;1801374784X050525070425TAKSÝTSATIÞ;1372,66;268.051,19
05.05.2025;1801374784X050525070425TAKSÝTLÝSATIÞKATKIPAYI;-41,18;268.010,01
05.05.2025;1801374784X050525070425ÜYE ÝÞYERÝ ÜCRETÝ - TAKSÝT;-15,78;267.994,23
05.05.2025;1801374784X050525070425ÜYE ÝÞYERÝ ÜCRETÝ - TAKSÝT (BSMV);-0,79;267.993,44
05.05.2025;1801374784X050525250325PEÞÝNSATIÞ;9707,90;277.701,34
06.05.2025;1801374784X060525070225TAKSÝTSATIÞ;1046,57;278.747,91
06.05.2025;1801374784X060525070225ÜYE ÝÞYERÝ ÜCRETÝ - TAKSÝT;-12,03;278.735,88
06.05.2025;1801374784X060525070225ÜYE ÝÞYERÝ ÜCRETÝ - TAKSÝT (BSMV);-0,60;278.735,28
06.05.2025;1801374784X060525050525PEÞÝNSATIÞ;2249,00;280.984,28
06.05.2025;1801374784X060525050525ÜYE ÝÞYERÝ ÜCRETÝ - PEÞÝN;-42,50;280.941,78
06.05.2025;1801374784X060525050525ÜYE ÝÞYERÝ ÜCRETÝ - PEÞÝN (BSMV);-2,13;280.939,65
06.05.2025;1801374784X060525040425PEÞÝNSATIÞ;4005,85;284.945,50
06.05.2025;1801374784X060525040425PEÞÝNSATIÞKATKIPAYI;-20,03;284.925,47
06.05.2025;1801374784X060525260325PEÞÝNSATIÞ;4978,06;289.903,53
06.05.2025;GÝDEN FAST - ENTEGRA BÝLÝÞÝM SANAYÝ VE TÝCARET A.Þ - Fenerium internet erisim faturasi odemesi fatura no entegra;-464,75;289.438,78
06.05.2025;ELEKTRONÝK FON TRANSFERÝ (EFT) ÜCRETÝ-FAST/ENTEGRA BÝLÝÞÝM/Fenerium inte;-6,09;289.432,69
06.05.2025;BSMV ELEKTRONÝK FON TRANSFERÝ (EFT) ÜCRETÝ-FAST/ENTEGRA BÝLÝÞÝM/Fenerium inte;-0,30;289.432,39
06.05.2025;GELEN FAST - Samet Akýn - 60 cm yellow;2400,00;291.832,39
07.05.2025;1801374784X070525050425PEÞÝNSATIÞ;1275,40;293.107,79
07.05.2025;1801374784X070525050425PEÞÝNSATIÞKATKIPAYI;-6,38;293.101,41
07.05.2025;1801374784X070525270325PEÞÝNSATIÞ;11190,25;304.291,66
08.05.2025;1801374784X080525100425TAKSÝTSATIÞ;1118,30;305.409,96
08.05.2025;1801374784X080525100425TAKSÝTLÝSATIÞKATKIPAYI;-33,55;305.376,41
08.05.2025;1801374784X080525100425ÜYE ÝÞYERÝ ÜCRETÝ - TAKSÝT;-12,86;305.363,55
08.05.2025;1801374784X080525100425ÜYE ÝÞYERÝ ÜCRETÝ - TAKSÝT (BSMV);-0,64;305.362,91
08.05.2025;1801374784X080525070525PEÞÝNSATIÞ;3758,65;309.121,56
08.05.2025;1801374784X080525070525ÜYE ÝÞYERÝ ÜCRETÝ - PEÞÝN;-71,03;309.050,53
08.05.2025;1801374784X080525070525ÜYE ÝÞYERÝ ÜCRETÝ - PEÞÝN (BSMV);-3,55;309.046,98
08.05.2025;1801374784X080525280325PEÞÝNSATIÞ;17953,25;327.000,23
09.05.2025;1801374784X090525080525PEÞÝNSATIÞ;5341,60;332.341,83
09.05.2025;1801374784X090525080525ÜYE ÝÞYERÝ ÜCRETÝ - PEÞÝN;-100,94;332.240,89
09.05.2025;1801374784X090525080525ÜYE ÝÞYERÝ ÜCRETÝ - PEÞÝN (BSMV);-5,04;332.235,85
09.05.2025;1801374784X090525290325PEÞÝNSATIÞ;17472,31;349.708,16
10.05.2025;1801374784X100525120425TAKSÝTSATIÞ;366,83;350.074,99
10.05.2025;1801374784X100525120425TAKSÝTLÝSATIÞKATKIPAYI;-11,00;350.063,99
10.05.2025;1801374784X100525120425ÜYE ÝÞYERÝ ÜCRETÝ - TAKSÝT;-4,21;350.059,78
10.05.2025;1801374784X100525120425ÜYE ÝÞYERÝ ÜCRETÝ - TAKSÝT (BSMV);-0,21;350.059,57
10.05.2025;1801374784X100525090525PEÞÝNSATIÞ;1050,50;351.110,07
10.05.2025;1801374784X100525090525ÜYE ÝÞYERÝ ÜCRETÝ - PEÞÝN;-19,85;351.090,22
10.05.2025;1801374784X100525090525ÜYE ÝÞYERÝ ÜCRETÝ - PEÞÝN (BSMV);-0,99;351.089,23
10.05.2025;1801374784X100525080425PEÞÝNSATIÞ;2076,75;353.165,98
10.05.2025;1801374784X100525080425PEÞÝNSATIÞKATKIPAYI;-10,39;353.155,59
11.05.2025;1801374784X110525100525PEÞÝNSATIÞ;1705,40;354.860,99
11.05.2025;1801374784X110525100525ÜYE ÝÞYERÝ ÜCRETÝ - PEÞÝN;-32,23;354.828,76
11.05.2025;1801374784X110525100525ÜYE ÝÞYERÝ ÜCRETÝ - PEÞÝN (BSMV);-1,62;354.827,14
11.05.2025;1801374784X110525310325PEÞÝNSATIÞ;31107,74;385.934,88
12.05.2025;1801374784X120525110525PEÞÝNSATIÞ;1199,50;387.134,38
12.05.2025;1801374784X120525110525ÜYE ÝÞYERÝ ÜCRETÝ - PEÞÝN;-22,67;387.111,71
12.05.2025;1801374784X120525110525ÜYE ÝÞYERÝ ÜCRETÝ - PEÞÝN (BSMV);-1,13;387.110,58
12.05.2025;1801374784X120525100425PEÞÝNSATIÞ;2150,70;389.261,28
12.05.2025;1801374784X120525100425PEÞÝNSATIÞKATKIPAYI;-10,75;389.250,53
12.05.2025;1801374784X120525010425PEÞÝNSATIÞ;17847,15;407.097,68
13.05.2025;1801374784X130525110425PEÞÝNSATIÞ;840,40;407.938,08
13.05.2025;1801374784X130525110425PEÞÝNSATIÞKATKIPAYI;-4,20;407.933,88
13.05.2025;1801374784X130525140225TAKSÝTSATIÞ;1078,50;409.012,38
13.05.2025;1801374784X130525140225ÜYE ÝÞYERÝ ÜCRETÝ - TAKSÝT;-12,40;408.999,98
13.05.2025;1801374784X130525140225ÜYE ÝÞYERÝ ÜCRETÝ - TAKSÝT (BSMV);-0,62;408.999,36
13.05.2025;1801374784X130525020425PEÞÝNSATIÞ;20950,00;429.949,36
13.05.2025;GÝDEN FAST - Arslantekin Elektrik elektronik güvenlik sistemleri turizm inþaat tarým sanayi tic.ltd.þti - AR02025000000232 Nolu ft istinaden yapilan arslantekine ödeme;-600,00;429.349,36
13.05.2025;ELEKTRONÝK FON TRANSFERÝ (EFT) ÜCRETÝ-FAST/Arslantekin Ele/AR02025000000;-6,09;429.343,27
13.05.2025;BSMV ELEKTRONÝK FON TRANSFERÝ (EFT) ÜCRETÝ-FAST/Arslantekin Ele/AR02025000000;-0,30;429.342,97
14.05.2025;1801374784X140525160425TAKSÝTSATIÞ;249,50;429.592,47
14.05.2025;1801374784X140525160425TAKSÝTLÝSATIÞKATKIPAYI;-4,99;429.587,48
14.05.2025;1801374784X140525160425ÜYE ÝÞYERÝ ÜCRETÝ - TAKSÝT;-2,86;429.584,62
14.05.2025;1801374784X140525160425ÜYE ÝÞYERÝ ÜCRETÝ - TAKSÝT (BSMV);-0,14;429.584,48
14.05.2025;1801374784X140525120425PEÞÝNSATIÞ;4039,90;433.624,38
14.05.2025;1801374784X140525120425PEÞÝNSATIÞKATKIPAYI;-20,20;433.604,18
14.05.2025;1801374784X140525030425PEÞÝNSATIÞ;10927,70;444.531,88
14.05.2025;GÝDEN EFT - ALANYA ÖZKAN KIRTASÝYE MAT.YAY.ÝNS.TÝC.LTD.ÞTÝ - Virman;-435000,00;9.531,88
14.05.2025;ELEKTRONÝK FON TRANSFERÝ (EFT) ÜCRETÝ-EFT/ALANYA ÖZKAN KI/Virman;-152,35;9.379,53
14.05.2025;BSMV ELEKTRONÝK FON TRANSFERÝ (EFT) ÜCRETÝ-EFT/ALANYA ÖZKAN KI/Virman;-7,62;9.371,91
15.05.2025;1801374784X150525130425PEÞÝNSATIÞ;300,45;9.672,36
15.05.2025;1801374784X150525130425PEÞÝNSATIÞKATKIPAYI;-1,50;9.670,86
15.05.2025;1801374784X150525180325TAKSÝTSATIÞ;608,45;10.279,31
15.05.2025;1801374784X150525180325ÜYE ÝÞYERÝ ÜCRETÝ - TAKSÝT;-6,99;10.272,32
15.05.2025;1801374784X150525180325ÜYE ÝÞYERÝ ÜCRETÝ - TAKSÝT (BSMV);-0,35;10.271,97
15.05.2025;1801374784X150525140525PEÞÝNSATIÞ;1550,35;11.822,32
15.05.2025;1801374784X150525140525ÜYE ÝÞYERÝ ÜCRETÝ - PEÞÝN;-29,30;11.793,02
15.05.2025;1801374784X150525140525ÜYE ÝÞYERÝ ÜCRETÝ - PEÞÝN (BSMV);-1,47;11.791,55
15.05.2025;1801374784X150525160225TAKSÝTSATIÞ;2868,29;14.659,84
15.05.2025;1801374784X150525160225ÜYE ÝÞYERÝ ÜCRETÝ - TAKSÝT;-32,97;14.626,87
15.05.2025;1801374784X150525160225ÜYE ÝÞYERÝ ÜCRETÝ - TAKSÝT (BSMV);-1,64;14.625,23
15.05.2025;1801374784X150525040425PEÞÝNSATIÞ;9787,15;24.412,38
16.05.2025;1801374784X160525180425TAKSÝTSATIÞ;1606,79;26.019,17
16.05.2025;1801374784X160525180425TAKSÝTLÝSATIÞKATKIPAYI;-48,20;25.970,97
16.05.2025;1801374784X160525180425ÜYE ÝÞYERÝ ÜCRETÝ - TAKSÝT;-18,47;25.952,50
16.05.2025;1801374784X160525180425ÜYE ÝÞYERÝ ÜCRETÝ - TAKSÝT (BSMV);-0,92;25.951,58
16.05.2025;1801374784X160525050425PEÞÝNSATIÞ;16945,75;42.897,33
16.05.2025;1801374784X160525140425PEÞÝNSATIÞ;19592,04;62.489,37
16.05.2025;1801374784X160525140425PEÞÝNSATIÞKATKIPAYI;-97,96;62.391,41
17.05.2025;1801374784X170525190425TAKSÝTSATIÞ;255,23;62.646,64
17.05.2025;1801374784X170525190425TAKSÝTLÝSATIÞKATKIPAYI;-5,10;62.641,54
17.05.2025;1801374784X170525190425ÜYE ÝÞYERÝ ÜCRETÝ - TAKSÝT;-2,93;62.638,61
17.05.2025;1801374784X170525190425ÜYE ÝÞYERÝ ÜCRETÝ - TAKSÝT (BSMV);-0,15;62.638,46
17.05.2025;1801374784X170525190125TAKSÝTSATIÞ;1786,75;64.425,21
17.05.2025;1801374784X170525190125ÜYE ÝÞYERÝ ÜCRETÝ - TAKSÝT;-20,54;64.404,67
17.05.2025;1801374784X170525190125ÜYE ÝÞYERÝ ÜCRETÝ - TAKSÝT (BSMV);-1,03;64.403,64
17.05.2025;1801374784X170525160525PEÞÝNSATIÞ;1820,45;66.224,09
17.05.2025;1801374784X170525160525ÜYE ÝÞYERÝ ÜCRETÝ - PEÞÝN;-34,40;66.189,69
17.05.2025;1801374784X170525160525ÜYE ÝÞYERÝ ÜCRETÝ - PEÞÝN (BSMV);-1,72;66.187,97
17.05.2025;1801374784X170525150425PEÞÝNSATIÞ;1845,55;68.033,52
17.05.2025;1801374784X170525150425PEÞÝNSATIÞKATKIPAYI;-9,24;68.024,28
17.05.2025;1801374784X170525060425PEÞÝNSATIÞ;7748,85;75.773,13
18.05.2025;1801374784X180525170525PEÞÝNSATIÞ;2249,50;78.022,63
18.05.2025;1801374784X180525170525ÜYE ÝÞYERÝ ÜCRETÝ - PEÞÝN;-42,51;77.980,12
18.05.2025;1801374784X180525170525ÜYE ÝÞYERÝ ÜCRETÝ - PEÞÝN (BSMV);-2,13;77.977,99
18.05.2025;1801374784X180525210325TAKSÝTSATIÞ;2263,10;80.241,09
18.05.2025;1801374784X180525210325ÜYE ÝÞYERÝ ÜCRETÝ - TAKSÝT;-26,02;80.215,07
18.05.2025;1801374784X180525210325ÜYE ÝÞYERÝ ÜCRETÝ - TAKSÝT (BSMV);-1,30;80.213,77
18.05.2025;1801374784X180525070425PEÞÝNSATIÞ;4044,75;84.258,52
18.05.2025;1801374784X180525160425PEÞÝNSATIÞ;11507,50;95.766,02
18.05.2025;1801374784X180525160425PEÞÝNSATIÞKATKIPAYI;-57,54;95.708,48
19.05.2025;1801374784X190525080425PEÞÝNSATIÞ;3165,65;98.874,13
19.05.2025;1801374784X190525200225TAKSÝTSATIÞ;3447,33;102.321,46
19.05.2025;1801374784X190525200225ÜYE ÝÞYERÝ ÜCRETÝ - TAKSÝT;-39,64;102.281,82
19.05.2025;1801374784X190525200225ÜYE ÝÞYERÝ ÜCRETÝ - TAKSÝT (BSMV);-1,98;102.279,84
20.05.2025;1801374784X200525210225TAKSÝTSATIÞ;2796,32;105.076,16
20.05.2025;1801374784X200525210225ÜYE ÝÞYERÝ ÜCRETÝ - TAKSÝT;-32,14;105.044,02
20.05.2025;1801374784X200525210225ÜYE ÝÞYERÝ ÜCRETÝ - TAKSÝT (BSMV);-1,61;105.042,41
20.05.2025;1801374784X200525090425PEÞÝNSATIÞ;12931,65;117.974,06
20.05.2025;GÝDEN EFT - ALANYA ÖZKAN KIRTASÝYE MAT.YAY.ÝNS.TÝC.LTD.ÞTÝ - Virman;-110000,00;7.974,06
20.05.2025;ELEKTRONÝK FON TRANSFERÝ (EFT) ÜCRETÝ-EFT/ALANYA ÖZKAN KI/Virman;-12,19;7.961,87
20.05.2025;BSMV ELEKTRONÝK FON TRANSFERÝ (EFT) ÜCRETÝ-EFT/ALANYA ÖZKAN KI/Virman;-0,61;7.961,26
20.05.2025;455359******1405 OTOMATIK ODEME;-4926,50;3.034,76
21.05.2025;1801374784X210525220225TAKSÝTSATIÞ;999,83;4.034,59
21.05.2025;1801374784X210525220225ÜYE ÝÞYERÝ ÜCRETÝ - TAKSÝT;-11,49;4.023,10
21.05.2025;1801374784X210525220225ÜYE ÝÞYERÝ ÜCRETÝ - TAKSÝT (BSMV);-0,57;4.022,53
21.05.2025;1801374784X210525190425PEÞÝNSATIÞ;1679,15;5.701,68
21.05.2025;1801374784X210525190425PEÞÝNSATIÞKATKIPAYI;-8,40;5.693,28
21.05.2025;1801374784X210525100425PEÞÝNSATIÞ;18142,30;23.835,58
22.05.2025;1801374784X220525210525PEÞÝNSATIÞ;199,90;24.035,48
22.05.2025;1801374784X220525210525ÜYE ÝÞYERÝ ÜCRETÝ - PEÞÝN;-3,77;24.031,71
22.05.2025;1801374784X220525210525ÜYE ÝÞYERÝ ÜCRETÝ - PEÞÝN (BSMV);-0,19;24.031,52
22.05.2025;1801374784X220525230225TAKSÝTSATIÞ;860,13;24.891,65
22.05.2025;1801374784X220525230225ÜYE ÝÞYERÝ ÜCRETÝ - TAKSÝT;-9,89;24.881,76
22.05.2025;1801374784X220525230225ÜYE ÝÞYERÝ ÜCRETÝ - TAKSÝT (BSMV);-0,49;24.881,27
22.05.2025;1801374784X220525200425PEÞÝNSATIÞ;3419,00;28.300,27
22.05.2025;1801374784X220525200425PEÞÝNSATIÞKATKIPAYI;-17,10;28.283,17
22.05.2025;1801374784X220525110425PEÞÝNSATIÞ;15416,40;43.699,57
23.05.2025;1801374784X230525220525PEÞÝNSATIÞ;129,95;43.829,52
23.05.2025;1801374784X230525220525ÜYE ÝÞYERÝ ÜCRETÝ - PEÞÝN;-2,45;43.827,07
23.05.2025;1801374784X230525220525ÜYE ÝÞYERÝ ÜCRETÝ - PEÞÝN (BSMV);-0,12;43.826,95
23.05.2025;1801374784X230525250425TAKSÝTSATIÞ;333,07;44.160,02
23.05.2025;1801374784X230525250425TAKSÝTLÝSATIÞKATKIPAYI;-9,99;44.150,03
23.05.2025;1801374784X230525250425ÜYE ÝÞYERÝ ÜCRETÝ - TAKSÝT;-3,83;44.146,20
23.05.2025;1801374784X230525250425ÜYE ÝÞYERÝ ÜCRETÝ - TAKSÝT (BSMV);-0,19;44.146,01
23.05.2025;1801374784X230525260325TAKSÝTSATIÞ;450,22;44.596,23
23.05.2025;1801374784X230525260325ÜYE ÝÞYERÝ ÜCRETÝ - TAKSÝT;-5,17;44.591,06
23.05.2025;1801374784X230525260325ÜYE ÝÞYERÝ ÜCRETÝ - TAKSÝT (BSMV);-0,26;44.590,80
23.05.2025;1801374784X230525120425PEÞÝNSATIÞ;21473,70;66.064,50
24.05.2025;1801374784X240525260425TAKSÝTSATIÞ;1266,80;67.331,30
24.05.2025;1801374784X240525260425TAKSÝTLÝSATIÞKATKIPAYI;-38,00;67.293,30
24.05.2025;1801374784X240525260425ÜYE ÝÞYERÝ ÜCRETÝ - TAKSÝT;-14,56;67.278,74
24.05.2025;1801374784X240525260425ÜYE ÝÞYERÝ ÜCRETÝ - TAKSÝT (BSMV);-0,73;67.278,01
24.05.2025;1801374784X240525220425PEÞÝNSATIÞ;4604,66;71.882,67
24.05.2025;1801374784X240525220425PEÞÝNSATIÞKATKIPAYI;-23,03;71.859,64
24.05.2025;1801374784X240525130425PEÞÝNSATIÞ;7178,20;79.037,84
24.05.2025;1801374784X240525230525PEÞÝNSATIÞ;8449,65;87.487,49
24.05.2025;1801374784X240525230525ÜYE ÝÞYERÝ ÜCRETÝ - PEÞÝN;-159,69;87.327,80
24.05.2025;1801374784X240525230525ÜYE ÝÞYERÝ ÜCRETÝ - PEÞÝN (BSMV);-7,98;87.319,82
25.05.2025;1801374784X250525260225TAKSÝTSATIÞ;363,46;87.683,28
25.05.2025;1801374784X250525260225ÜYE ÝÞYERÝ ÜCRETÝ - TAKSÝT;-4,17;87.679,11
25.05.2025;1801374784X250525260225ÜYE ÝÞYERÝ ÜCRETÝ - TAKSÝT (BSMV);-0,21;87.678,90
25.05.2025;1801374784X250525230425PEÞÝNSATIÞ;1040,95;88.719,85
25.05.2025;1801374784X250525230425PEÞÝNSATIÞKATKIPAYI;-5,21;88.714,64
25.05.2025;1801374784X250525140425PEÞÝNSATIÞ;1780,80;90.495,44
25.05.2025;1801374784X250525240525PEÞÝNSATIÞ;5792,60;96.288,04
25.05.2025;1801374784X250525240525ÜYE ÝÞYERÝ ÜCRETÝ - PEÞÝN;-109,48;96.178,56
25.05.2025;1801374784X250525240525ÜYE ÝÞYERÝ ÜCRETÝ - PEÞÝN (BSMV);-5,47;96.173,09
26.05.2025;1801374784X260525280425TAKSÝTSATIÞ;1530,68;97.703,77
26.05.2025;1801374784X260525280425TAKSÝTLÝSATIÞKATKIPAYI;-45,92;97.657,85
26.05.2025;1801374784X260525280425ÜYE ÝÞYERÝ ÜCRETÝ - TAKSÝT;-17,60;97.640,25
26.05.2025;1801374784X260525280425ÜYE ÝÞYERÝ ÜCRETÝ - TAKSÝT (BSMV);-0,88;97.639,37
26.05.2025;1801374784X260525150425PEÞÝNSATIÞ;3891,00;101.530,37
26.05.2025;GELEN FAST - ÝSMAÝL GÜLÞEN -;3000,00;104.530,37
27.05.2025;1801374784X270525250425PEÞÝNSATIÞ;652,42;105.182,79
27.05.2025;1801374784X270525250425PEÞÝNSATIÞKATKIPAYI;-3,26;105.179,53
27.05.2025;1801374784X270525260525PEÞÝNSATIÞ;9440,25;114.619,78
27.05.2025;1801374784X270525260525ÜYE ÝÞYERÝ ÜCRETÝ - PEÞÝN;-178,40;114.441,38
27.05.2025;1801374784X270525260525ÜYE ÝÞYERÝ ÜCRETÝ - PEÞÝN (BSMV);-8,92;114.432,46
27.05.2025;1801374784X270525160425PEÞÝNSATIÞ;12787,05;127.219,51
28.05.2025;1801374784X280525260425PEÞÝNSATIÞ;1497,42;128.716,93
28.05.2025;1801374784X280525260425PEÞÝNSATIÞKATKIPAYI;-7,49;128.709,44
28.05.2025;1801374784X280525270525PEÞÝNSATIÞ;2949,45;131.658,89
28.05.2025;1801374784X280525270525ÜYE ÝÞYERÝ ÜCRETÝ - PEÞÝN;-55,74;131.603,15
28.05.2025;1801374784X280525270525ÜYE ÝÞYERÝ ÜCRETÝ - PEÞÝN (BSMV);-2,79;131.600,36
28.05.2025;1801374784X280525170425PEÞÝNSATIÞ;16681,45;148.281,81
28.05.2025;1801374784X280525260425PEÞSATÝND;-89,90;148.191,91
29.05.2025;1801374784X290525280525PEÞÝNSATIÞ;4959,75;153.151,66
29.05.2025;1801374784X290525280525ÜYE ÝÞYERÝ ÜCRETÝ - PEÞÝN;-93,73;153.057,93
29.05.2025;1801374784X290525280525ÜYE ÝÞYERÝ ÜCRETÝ - PEÞÝN (BSMV);-4,69;153.053,24
29.05.2025;1801374784X290525180425PEÞÝNSATIÞ;7421,05;160.474,29
29.05.2025;POS-1801374784 05/25 Belge ve Bilgilendirme Ücreti-Basýlý Ekstre;-35,00;160.439,29
29.05.2025;BSMV POS-1801374784 05/25 Belge ve Bilgilendirme Ücreti-Basýlý Ekstre;-1,75;160.437,54
29.05.2025;2425181907 TELEKOM;-153,25;160.284,29
30.05.2025;1801374784X300525290525PEÞÝNSATIÞ;3344,75;163.629,04
30.05.2025;1801374784X300525290525ÜYE ÝÞYERÝ ÜCRETÝ - PEÞÝN;-63,20;163.565,84
30.05.2025;1801374784X300525290525ÜYE ÝÞYERÝ ÜCRETÝ - PEÞÝN (BSMV);-3,16;163.562,68
30.05.2025;1801374784X300525020425TAKSÝTSATIÞ;4449,27;168.011,95
30.05.2025;1801374784X300525020425ÜYE ÝÞYERÝ ÜCRETÝ - TAKSÝT;-51,15;167.960,80
30.05.2025;1801374784X300525020425ÜYE ÝÞYERÝ ÜCRETÝ - TAKSÝT (BSMV);-2,56;167.958,24
30.05.2025;1801374784X300525190425PEÞÝNSATIÞ;11707,15;179.665,39
30.05.2025;GÝDEN EFT - Alanya Özkan Kýrtasiye mat.yay.inþ.tic.ltd.þti - Virman;-175000,00;4.665,39
30.05.2025;ELEKTRONÝK FON TRANSFERÝ (EFT) ÜCRETÝ-EFT/Alanya Özkan Ký/Virman;-12,19;4.653,20
30.05.2025;BSMV ELEKTRONÝK FON TRANSFERÝ (EFT) ÜCRETÝ-EFT/Alanya Özkan Ký/Virman;-0,61;4.652,59
31.05.2025;1801374784X310525290425PEÞÝNSATIÞ;680,45;5.333,04
31.05.2025;1801374784X310525290425PEÞÝNSATIÞKATKIPAYI;-3,40;5.329,64
31.05.2025;1801374784X310525300525PEÞÝNSATIÞ;1634,85;6.964,49
31.05.2025;1801374784X310525300525ÜYE ÝÞYERÝ ÜCRETÝ - PEÞÝN;-30,89;6.933,60
31.05.2025;1801374784X310525300525ÜYE ÝÞYERÝ ÜCRETÝ - PEÞÝN (BSMV);-1,54;6.932,06
31.05.2025;1801374784X310525030525TAKSÝTSATIÞ;2167,23;9.099,29
31.05.2025;1801374784X310525030525TAKSÝTLÝSATIÞKATKIPAYI;-43,34;9.055,95
31.05.2025;1801374784X310525030525ÜYE ÝÞYERÝ ÜCRETÝ - TAKSÝT;-24,92;9.031,03
31.05.2025;1801374784X310525030525ÜYE ÝÞYERÝ ÜCRETÝ - TAKSÝT (BSMV);-1,25;9.029,78
31.05.2025;1801374784X310525200425PEÞÝNSATIÞ;8318,83;17.348,61
