Tarih;Açýklama;Ýþlem Tutarý;Güncel Bakiye
01.06.2025;1801374784X010625040525TAKSÝTSATIÞ;766,67;18.115,28
01.06.2025;1801374784X010625040525TAKSÝTLÝSATIÞKATKIPAYI;-23,00;18.092,28
01.06.2025;1801374784X010625040525ÜYE ÝÞYERÝ ÜCRETÝ - TAKSÝT;-8,81;18.083,47
01.06.2025;1801374784X010625040525ÜYE ÝÞYERÝ ÜCRETÝ - TAKSÝT (BSMV);-0,44;18.083,03
01.06.2025;1801374784X010625310525PEÞÝNSATIÞ;999,95;19.082,98
01.06.2025;1801374784X010625310525ÜYE ÝÞYERÝ ÜCRETÝ - PEÞÝN;-18,89;19.064,09
01.06.2025;1801374784X010625310525ÜYE ÝÞYERÝ ÜCRETÝ - PEÞÝN (BSMV);-0,94;19.063,15
01.06.2025;1801374784X010625210425PEÞÝNSATIÞ;5365,70;24.428,85
01.06.2025;1801374784X010625300425PEÞÝNSATIÞ;7221,07;31.649,92
01.06.2025;1801374784X010625300425PEÞÝNSATIÞKATKIPAYI;-36,11;31.613,81
02.06.2025;1801374784X020625010525PEÞÝNSATIÞ;2040,15;33.653,96
02.06.2025;1801374784X020625010525PEÞÝNSATIÞKATKIPAYI;-10,21;33.643,75
02.06.2025;1801374784X020625220425PEÞÝNSATIÞ;6505,15;40.148,90
03.06.2025;1801374784X030625060525TAKSÝTSATIÞ;285,00;40.433,90
03.06.2025;1801374784X030625060525TAKSÝTLÝSATIÞKATKIPAYI;-5,70;40.428,20
03.06.2025;1801374784X030625060525ÜYE ÝÞYERÝ ÜCRETÝ - TAKSÝT;-3,27;40.424,93
03.06.2025;1801374784X030625060525ÜYE ÝÞYERÝ ÜCRETÝ - TAKSÝT (BSMV);-0,16;40.424,77
03.06.2025;1801374784X030625020525PEÞÝNSATIÞ;675,45;41.100,22
03.06.2025;1801374784X030625020525PEÞÝNSATIÞKATKIPAYI;-3,38;41.096,84
03.06.2025;1801374784X030625230425PEÞÝNSATIÞ;3836,10;44.932,94
03.06.2025;GELEN FAST - ÝSMET ÞAHAN -;1510,00;46.442,94
04.06.2025;1801374784X040625070425TAKSÝTSATIÞ;1372,65;47.815,59
04.06.2025;1801374784X040625070425ÜYE ÝÞYERÝ ÜCRETÝ - TAKSÝT;-15,78;47.799,81
04.06.2025;1801374784X040625070425ÜYE ÝÞYERÝ ÜCRETÝ - TAKSÝT (BSMV);-0,79;47.799,02
04.06.2025;1801374784X040625030525PEÞÝNSATIÞ;2195,50;49.994,52
04.06.2025;1801374784X040625030525PEÞÝNSATIÞKATKIPAYI;-10,98;49.983,54
04.06.2025;1801374784X040625240425PEÞÝNSATIÞ;8183,47;58.167,01
04.06.2025;1801374784X040625030625PEÞÝNSATIÞ;13099,84;71.266,85
04.06.2025;1801374784X040625030625ÜYE ÝÞYERÝ ÜCRETÝ - PEÞÝN;-247,55;71.019,30
04.06.2025;1801374784X040625030625ÜYE ÝÞYERÝ ÜCRETÝ - PEÞÝN (BSMV);-12,37;71.006,93
05.06.2025;1801374784X050625040525PEÞÝNSATIÞ;610,50;71.617,43
05.06.2025;1801374784X050625040525PEÞÝNSATIÞKATKIPAYI;-3,06;71.614,37
05.06.2025;1801374784X050625080525TAKSÝTSATIÞ;855,00;72.469,37
05.06.2025;1801374784X050625080525TAKSÝTLÝSATIÞKATKIPAYI;-17,11;72.452,26
05.06.2025;1801374784X050625080525ÜYE ÝÞYERÝ ÜCRETÝ - TAKSÝT;-9,82;72.442,44
05.06.2025;1801374784X050625080525ÜYE ÝÞYERÝ ÜCRETÝ - TAKSÝT (BSMV);-0,49;72.441,95
05.06.2025;1801374784X050625070225TAKSÝTSATIÞ;1046,57;73.488,52
05.06.2025;1801374784X050625070225ÜYE ÝÞYERÝ ÜCRETÝ - TAKSÝT;-12,03;73.476,49
05.06.2025;1801374784X050625070225ÜYE ÝÞYERÝ ÜCRETÝ - TAKSÝT (BSMV);-0,60;73.475,89
05.06.2025;1801374784X050625250425PEÞÝNSATIÞ;4135,95;77.611,84
06.06.2025;1801374784X060625050525PEÞÝNSATIÞ;1199,90;78.811,74
06.06.2025;1801374784X060625050525PEÞÝNSATIÞKATKIPAYI;-6,00;78.805,74
06.06.2025;1801374784X060625260425PEÞÝNSATIÞ;16526,62;95.332,36
07.06.2025;1801374784X070625100425TAKSÝTSATIÞ;1118,30;96.450,66
07.06.2025;1801374784X070625100425ÜYE ÝÞYERÝ ÜCRETÝ - TAKSÝT;-12,86;96.437,80
07.06.2025;1801374784X070625100425ÜYE ÝÞYERÝ ÜCRETÝ - TAKSÝT (BSMV);-0,64;96.437,16
08.06.2025;1801374784X080625280425PEÞÝNSATIÞ;1669,25;98.106,41
09.06.2025;1801374784X090625120425TAKSÝTSATIÞ;366,81;98.473,22
09.06.2025;1801374784X090625120425ÜYE ÝÞYERÝ ÜCRETÝ - TAKSÝT;-4,21;98.469,01
09.06.2025;1801374784X090625120425ÜYE ÝÞYERÝ ÜCRETÝ - TAKSÝT (BSMV);-0,21;98.468,80
09.06.2025;1801374784X090625080525PEÞÝNSATIÞ;6905,09;105.373,89
09.06.2025;1801374784X090625080525PEÞÝNSATIÞKATKIPAYI;-34,54;105.339,35
09.06.2025;1801374784X090625290425PEÞÝNSATIÞ;13589,20;118.928,55
10.06.2025;1801374784X100625090525PEÞÝNSATIÞ;320,40;119.248,95
10.06.2025;1801374784X100625090525PEÞÝNSATIÞKATKIPAYI;-1,60;119.247,35
10.06.2025;1801374784X100625090625PEÞÝNSATIÞ;2935,70;122.183,05
10.06.2025;1801374784X100625090625ÜYE ÝÞYERÝ ÜCRETÝ - PEÞÝN;-55,47;122.127,58
10.06.2025;1801374784X100625090625ÜYE ÝÞYERÝ ÜCRETÝ - PEÞÝN (BSMV);-2,77;122.124,81
10.06.2025;1801374784X100625300425PEÞÝNSATIÞ;11613,20;133.738,01
11.06.2025;1801374784X110625100625PEÞÝNSATIÞ;3448,90;137.186,91
11.06.2025;1801374784X110625100625ÜYE ÝÞYERÝ ÜCRETÝ - PEÞÝN;-65,18;137.121,73
11.06.2025;1801374784X110625100625ÜYE ÝÞYERÝ ÜCRETÝ - PEÞÝN (BSMV);-3,26;137.118,47
11.06.2025;1801374784X110625010525PEÞÝNSATIÞ;10148,70;147.267,17
11.06.2025;GÝDEN FAST - ENTEGRA BÝLÝÞÝM SANAYÝ VE TÝCARET A.Þ - Fenerium internet erisim faturasi odemesi entegra;-464,75;146.802,42
11.06.2025;ELEKTRONÝK FON TRANSFERÝ (EFT) ÜCRETÝ-FAST/ENTEGRA BÝLÝÞÝM/Fenerium inte;-6,09;146.796,33
11.06.2025;BSMV ELEKTRONÝK FON TRANSFERÝ (EFT) ÜCRETÝ-FAST/ENTEGRA BÝLÝÞÝM/Fenerium inte;-0,30;146.796,03
11.06.2025;GÝDEN FAST - Arslantekin elektrik elektronik güvenlik sistemleri tur.inþ.tar.san.tic.ltd.þti - Mobiliz 07 bjt 376 takip ucreti;-600,00;146.196,03
11.06.2025;ELEKTRONÝK FON TRANSFERÝ (EFT) ÜCRETÝ-FAST/Arslantekin ele/Mobiliz 07 bj;-6,09;146.189,94
11.06.2025;BSMV ELEKTRONÝK FON TRANSFERÝ (EFT) ÜCRETÝ-FAST/Arslantekin ele/Mobiliz 07 bj;-0,30;146.189,64
12.06.2025;1801374784X120625110625PEÞÝNSATIÞ;350,45;146.540,09
12.06.2025;1801374784X120625110625ÜYE ÝÞYERÝ ÜCRETÝ - PEÞÝN;-6,62;146.533,47
12.06.2025;1801374784X120625110625ÜYE ÝÞYERÝ ÜCRETÝ - PEÞÝN (BSMV);-0,33;146.533,14
12.06.2025;1801374784X120625110525PEÞÝNSATIÞ;4800,35;151.333,49
12.06.2025;1801374784X120625110525PEÞÝNSATIÞKATKIPAYI;-24,01;151.309,48
12.06.2025;1801374784X120625020525PEÞÝNSATIÞ;7893,75;159.203,23
13.06.2025;1801374784X130625120525PEÞÝNSATIÞ;219,95;159.423,18
13.06.2025;1801374784X130625120525PEÞÝNSATIÞKATKIPAYI;-1,10;159.422,08
13.06.2025;1801374784X130625160425TAKSÝTSATIÞ;249,50;159.671,58
13.06.2025;1801374784X130625160425ÜYE ÝÞYERÝ ÜCRETÝ - TAKSÝT;-2,86;159.668,72
13.06.2025;1801374784X130625160425ÜYE ÝÞYERÝ ÜCRETÝ - TAKSÝT (BSMV);-0,14;159.668,58
13.06.2025;1801374784X130625030525PEÞÝNSATIÞ;17103,59;176.772,17
14.06.2025;1801374784X140625170525TAKSÝTSATIÞ;500,23;177.272,40
14.06.2025;1801374784X140625170525TAKSÝTLÝSATIÞKATKIPAYI;-10,00;177.262,40
14.06.2025;1801374784X140625170525ÜYE ÝÞYERÝ ÜCRETÝ - TAKSÝT;-5,75;177.256,65
14.06.2025;1801374784X140625170525ÜYE ÝÞYERÝ ÜCRETÝ - TAKSÝT (BSMV);-0,29;177.256,36
14.06.2025;1801374784X140625180325TAKSÝTSATIÞ;608,45;177.864,81
14.06.2025;1801374784X140625180325ÜYE ÝÞYERÝ ÜCRETÝ - TAKSÝT;-6,99;177.857,82
14.06.2025;1801374784X140625180325ÜYE ÝÞYERÝ ÜCRETÝ - TAKSÝT (BSMV);-0,35;177.857,47
14.06.2025;1801374784X140625130525PEÞÝNSATIÞ;1179,45;179.036,92
14.06.2025;1801374784X140625130525PEÞÝNSATIÞKATKIPAYI;-5,90;179.031,02
14.06.2025;1801374784X140625040525PEÞÝNSATIÞ;8895,80;187.926,82
15.06.2025;1801374784X150625140625PEÞÝNSATIÞ;219,90;188.146,72
15.06.2025;1801374784X150625140625ÜYE ÝÞYERÝ ÜCRETÝ - PEÞÝN;-4,15;188.142,57
15.06.2025;1801374784X150625140625ÜYE ÝÞYERÝ ÜCRETÝ - PEÞÝN (BSMV);-0,21;188.142,36
15.06.2025;1801374784X150625180425TAKSÝTSATIÞ;1606,78;189.749,14
15.06.2025;1801374784X150625180425ÜYE ÝÞYERÝ ÜCRETÝ - TAKSÝT;-18,47;189.730,67
15.06.2025;1801374784X150625180425ÜYE ÝÞYERÝ ÜCRETÝ - TAKSÝT (BSMV);-0,92;189.729,75
15.06.2025;1801374784X150625050525PEÞÝNSATIÞ;10827,80;200.557,55
16.06.2025;1801374784X160625190425TAKSÝTSATIÞ;255,22;200.812,77
16.06.2025;1801374784X160625190425ÜYE ÝÞYERÝ ÜCRETÝ - TAKSÝT;-2,93;200.809,84
16.06.2025;1801374784X160625190425ÜYE ÝÞYERÝ ÜCRETÝ - TAKSÝT (BSMV);-0,15;200.809,69
16.06.2025;1801374784X160625190525TAKSÝTSATIÞ;2726,30;203.535,99
16.06.2025;1801374784X160625190525TAKSÝTLÝSATIÞKATKIPAYI;-81,79;203.454,20
16.06.2025;1801374784X160625190525ÜYE ÝÞYERÝ ÜCRETÝ - TAKSÝT;-31,34;203.422,86
16.06.2025;1801374784X160625190525ÜYE ÝÞYERÝ ÜCRETÝ - TAKSÝT (BSMV);-1,57;203.421,29
16.06.2025;1801374784X160625150525PEÞÝNSATIÞ;3049,40;206.470,69
16.06.2025;1801374784X160625150525PEÞÝNSATIÞKATKIPAYI;-15,25;206.455,44
16.06.2025;1801374784X160625060525PEÞÝNSATIÞ;16364,50;222.819,94
17.06.2025;1801374784X170625160625PEÞÝNSATIÞ;5196,90;228.016,84
17.06.2025;1801374784X170625160625ÜYE ÝÞYERÝ ÜCRETÝ - PEÞÝN;-98,22;227.918,62
17.06.2025;1801374784X170625160625ÜYE ÝÞYERÝ ÜCRETÝ - PEÞÝN (BSMV);-4,91;227.913,71
17.06.2025;1801374784X170625070525PEÞÝNSATIÞ;19750,50;247.664,21
18.06.2025;1801374784X180625170625PEÞÝNSATIÞ;2549,90;250.214,11
18.06.2025;1801374784X180625170625ÜYE ÝÞYERÝ ÜCRETÝ - PEÞÝN;-48,19;250.165,92
18.06.2025;1801374784X180625170625ÜYE ÝÞYERÝ ÜCRETÝ - PEÞÝN (BSMV);-2,41;250.163,51
18.06.2025;1801374784X180625080525PEÞÝNSATIÞ;5149,45;255.312,96
18.06.2025;1801374784X180625170525PEÞÝNSATIÞ;5700,50;261.013,46
18.06.2025;1801374784X180625170525PEÞÝNSATIÞKATKIPAYI;-28,51;260.984,95
19.06.2025;1801374784X190625180525PEÞÝNSATIÞ;700,40;261.685,35
19.06.2025;1801374784X190625180525PEÞÝNSATIÞKATKIPAYI;-3,50;261.681,85
19.06.2025;1801374784X190625180625PEÞÝNSATIÞ;4014,85;265.696,70
19.06.2025;1801374784X190625180625ÜYE ÝÞYERÝ ÜCRETÝ - PEÞÝN;-75,87;265.620,83
19.06.2025;1801374784X190625180625ÜYE ÝÞYERÝ ÜCRETÝ - PEÞÝN (BSMV);-3,80;265.617,03
19.06.2025;1801374784X190625090525PEÞÝNSATIÞ;15366,61;280.983,64
20.06.2025;1801374784X200625190525PEÞÝNSATIÞ;629,50;281.613,14
20.06.2025;1801374784X200625190525PEÞÝNSATIÞKATKIPAYI;-3,15;281.609,99
20.06.2025;1801374784X200625100525PEÞÝNSATIÞ;27881,25;309.491,24
20.06.2025;455359******1405 OTOMATIK ODEME;-5401,50;304.089,74
21.06.2025;1801374784X210625200625PEÞÝNSATIÞ;4629,00;308.718,74
21.06.2025;1801374784X210625200625ÜYE ÝÞYERÝ ÜCRETÝ - PEÞÝN;-87,48;308.631,26
21.06.2025;1801374784X210625200625ÜYE ÝÞYERÝ ÜCRETÝ - PEÞÝN (BSMV);-4,37;308.626,89
21.06.2025;1801374784X210625110525PEÞÝNSATIÞ;11740,06;320.366,95
22.06.2025;1801374784X220625250425TAKSÝTSATIÞ;333,06;320.700,01
22.06.2025;1801374784X220625250425ÜYE ÝÞYERÝ ÜCRETÝ - TAKSÝT;-3,83;320.696,18
22.06.2025;1801374784X220625250425ÜYE ÝÞYERÝ ÜCRETÝ - TAKSÝT (BSMV);-0,19;320.695,99
22.06.2025;1801374784X220625210625PEÞÝNSATIÞ;1900,40;322.596,39
22.06.2025;1801374784X220625210625ÜYE ÝÞYERÝ ÜCRETÝ - PEÞÝN;-35,91;322.560,48
22.06.2025;1801374784X220625210625ÜYE ÝÞYERÝ ÜCRETÝ - PEÞÝN (BSMV);-1,80;322.558,68
22.06.2025;1801374784X220625210525PEÞÝNSATIÞ;4240,36;326.799,04
22.06.2025;1801374784X220625210525PEÞÝNSATIÞKATKIPAYI;-21,20;326.777,84
22.06.2025;1801374784X220625120525PEÞÝNSATIÞ;9278,80;336.056,64
23.06.2025;1801374784X230625260425TAKSÝTSATIÞ;1266,80;337.323,44
23.06.2025;1801374784X230625260425ÜYE ÝÞYERÝ ÜCRETÝ - TAKSÝT;-14,56;337.308,88
23.06.2025;1801374784X230625260425ÜYE ÝÞYERÝ ÜCRETÝ - TAKSÝT (BSMV);-0,73;337.308,15
23.06.2025;1801374784X230625220625PEÞÝNSATIÞ;2758,50;340.066,65
23.06.2025;1801374784X230625220625ÜYE ÝÞYERÝ ÜCRETÝ - PEÞÝN;-52,13;340.014,52
23.06.2025;1801374784X230625220625ÜYE ÝÞYERÝ ÜCRETÝ - PEÞÝN (BSMV);-2,61;340.011,91
23.06.2025;1801374784X230625220525PEÞÝNSATIÞ;3195,86;343.207,77
23.06.2025;1801374784X230625220525PEÞÝNSATIÞKATKIPAYI;-15,98;343.191,79
23.06.2025;1801374784X230625130525PEÞÝNSATIÞ;10863,95;354.055,74
24.06.2025;1801374784X240625270525TAKSÝTSATIÞ;2660,66;356.716,40
24.06.2025;1801374784X240625270525TAKSÝTLÝSATIÞKATKIPAYI;-79,82;356.636,58
24.06.2025;1801374784X240625270525ÜYE ÝÞYERÝ ÜCRETÝ - TAKSÝT;-30,59;356.605,99
24.06.2025;1801374784X240625270525ÜYE ÝÞYERÝ ÜCRETÝ - TAKSÝT (BSMV);-1,53;356.604,46
24.06.2025;1801374784X240625230625PEÞÝNSATIÞ;12324,54;368.929,00
24.06.2025;1801374784X240625230625ÜYE ÝÞYERÝ ÜCRETÝ - PEÞÝN;-232,93;368.696,07
24.06.2025;1801374784X240625230625ÜYE ÝÞYERÝ ÜCRETÝ - PEÞÝN (BSMV);-11,64;368.684,43
24.06.2025;1801374784X240625140525PEÞÝNSATIÞ;21837,85;390.522,28
24.06.2025;1801374784X240625270525TAKSATÝND;-199,95;390.322,33
24.06.2025;1801374784X240625270525INTP;2,30;390.324,63
24.06.2025;1801374784X240625270525INTPB;0,12;390.324,75
24.06.2025;2425181907 TELEKOM;-153,25;390.171,50
25.06.2025;1801374784X250625280425TAKSÝTSATIÞ;1530,66;391.702,16
25.06.2025;1801374784X250625280425ÜYE ÝÞYERÝ ÜCRETÝ - TAKSÝT;-17,60;391.684,56
25.06.2025;1801374784X250625280425ÜYE ÝÞYERÝ ÜCRETÝ - TAKSÝT (BSMV);-0,88;391.683,68
25.06.2025;1801374784X250625240525PEÞÝNSATIÞ;4898,85;396.582,53
25.06.2025;1801374784X250625240525PEÞÝNSATIÞKATKIPAYI;-24,50;396.558,03
25.06.2025;1801374784X250625150525PEÞÝNSATIÞ;5369,70;401.927,73
25.06.2025;GELEN FAST - ALANYA FENERBAHÇELÝLER DERNEÐÝ - 1243-16100075 dan TR390006701000000055223824 a EFT;1650,00;403.577,73
26.06.2025;1801374784X260625250625PEÞÝNSATIÞ;2629,85;406.207,58
26.06.2025;1801374784X260625250625ÜYE ÝÞYERÝ ÜCRETÝ - PEÞÝN;-49,70;406.157,88
26.06.2025;1801374784X260625250625ÜYE ÝÞYERÝ ÜCRETÝ - PEÞÝN (BSMV);-2,49;406.155,39
26.06.2025;1801374784X260625160525PEÞÝNSATIÞ;11674,90;417.830,29
27.06.2025;1801374784X270625260525PEÞÝNSATIÞ;1100,45;418.930,74
27.06.2025;1801374784X270625260525PEÞÝNSATIÞKATKIPAYI;-5,50;418.925,24
27.06.2025;1801374784X270625170525PEÞÝNSATIÞ;5562,75;424.487,99
27.06.2025;1801374784X270625260625PEÞÝNSATIÞ;7571,65;432.059,64
27.06.2025;1801374784X270625260625ÜYE ÝÞYERÝ ÜCRETÝ - PEÞÝN;-143,08;431.916,56
27.06.2025;1801374784X270625260625ÜYE ÝÞYERÝ ÜCRETÝ - PEÞÝN (BSMV);-7,16;431.909,40
27.06.2025;POS-1801374784 06/25 Belge ve Bilgilendirme Ücreti-Basýlý Ekstre;-35,00;431.874,40
27.06.2025;BSMV POS-1801374784 06/25 Belge ve Bilgilendirme Ücreti-Basýlý Ekstre;-1,75;431.872,65
28.06.2025;1801374784X280625270525PEÞÝNSATIÞ;375,90;432.248,55
28.06.2025;1801374784X280625270525PEÞÝNSATIÞKATKIPAYI;-1,88;432.246,67
28.06.2025;1801374784X280625270625PEÞÝNSATIÞ;5978,85;438.225,52
28.06.2025;1801374784X280625270625ÜYE ÝÞYERÝ ÜCRETÝ - PEÞÝN;-112,99;438.112,53
28.06.2025;1801374784X280625270625ÜYE ÝÞYERÝ ÜCRETÝ - PEÞÝN (BSMV);-5,65;438.106,88
28.06.2025;1801374784X280625180525PEÞÝNSATIÞ;8347,80;446.454,68
29.06.2025;1801374784X290625280525PEÞÝNSATIÞ;109,80;446.564,48
29.06.2025;1801374784X290625280525PEÞÝNSATIÞKATKIPAYI;-0,55;446.563,93
29.06.2025;1801374784X290625020425TAKSÝTSATIÞ;4449,27;451.013,20
29.06.2025;1801374784X290625020425ÜYE ÝÞYERÝ ÜCRETÝ - TAKSÝT;-51,15;450.962,05
29.06.2025;1801374784X290625020425ÜYE ÝÞYERÝ ÜCRETÝ - TAKSÝT (BSMV);-2,56;450.959,49
29.06.2025;1801374784X290625190525PEÞÝNSATIÞ;15679,10;466.638,59
30.06.2025;1801374784X300625290625PEÞÝNSATIÞ;299,75;466.938,34
30.06.2025;1801374784X300625290625ÜYE ÝÞYERÝ ÜCRETÝ - PEÞÝN;-5,66;466.932,68
30.06.2025;1801374784X300625290625ÜYE ÝÞYERÝ ÜCRETÝ - PEÞÝN (BSMV);-0,28;466.932,40
30.06.2025;1801374784X300625030525TAKSÝTSATIÞ;2167,22;469.099,62
30.06.2025;1801374784X300625030525ÜYE ÝÞYERÝ ÜCRETÝ - TAKSÝT;-24,92;469.074,70
30.06.2025;1801374784X300625030525ÜYE ÝÞYERÝ ÜCRETÝ - TAKSÝT (BSMV);-1,25;469.073,45
30.06.2025;1801374784X300625290525PEÞÝNSATIÞ;3264,50;472.337,95
30.06.2025;1801374784X300625290525PEÞÝNSATIÞKATKIPAYI;-16,33;472.321,62
30.06.2025;1801374784X300625020625TAKSÝTSATIÞ;3853,25;476.174,87
30.06.2025;1801374784X300625020625TAKSÝTLÝSATIÞKATKIPAYI;-83,99;476.090,88
30.06.2025;1801374784X300625020625ÜYE ÝÞYERÝ ÜCRETÝ - TAKSÝT;-44,30;476.046,58
30.06.2025;1801374784X300625020625ÜYE ÝÞYERÝ ÜCRETÝ - TAKSÝT (BSMV);-2,22;476.044,36
30.06.2025;1801374784X300625200525PEÞÝNSATIÞ;13339,10;489.383,46
30.06.2025;KAPANIÞ BAKÝYESÝ:;0,00;489.383,46
