Ýþlem Tarihi;Açýklama;Ýþlem Tutarý;Yeni Bakiye
01.01.2025;BATCH VALOR ÇOZUM 21-11-2024 /000000001120365 P POS Satýþ          /01455175144;50,00;274163,21
01.01.2025;BATCH VALOR ÇOZUM 21-11-2024 /000000001120365 P POS Satýþ          /01455175155;10000,00;284163,21
01.01.2025;000000001120365/PAU1                   POS Aidat        PS080134/000001488378678;-333,33;283829,88
01.01.2025;000000001120365/PAU1                   POS Aidat        PS080134/000001488378678;-16,67;283813,21
01.01.2025;000000001120365/PAU1                   POS Aidat        02003840/000001488378676;-238,09;283575,12
01.01.2025;000000001120365/PAU1                   POS Aidat        02003840/000001488378676;-11,90;283563,22
02.01.2025;BATCH VALOR ÇOZUM 22-11-2024 /000000001120365 P POS Satýþ          /01455989583;16907,76;300470,98
02.01.2025;BATCH VALOR ÇOZUM 22-11-2024 /000000001120365 P POS Satýþ          /01455989563;17835,16;318306,14
06.01.2025;ALANYA ÖZKAN KIRTASÝYE.MAT.YAY.ÝNÞ.TÝC.L/AKBANK TAN HALKBANK A EFT;433000,00;751306,14
06.01.2025;MEHMET ÖZKAN HUZUR HAKKI ÖDEMESÝ;-20000,00;731306,14
07.01.2025;ALANYA ÖZKAN KIRTASÝ YE MAT.YAMAAÞ                             2024 ARALIK;-406074,82;325231,32
08.01.2025;BATCH VALOR ÇOZUM 28-11-2024 /000000001120365 P POS Satýþ          /01460684820;5572,38;330803,70
08.01.2025;BATCH VALOR ÇOZUM 28-11-2024 /000000001120365 P POS Satýþ          /01460684824;70000,00;400803,70
09.01.2025;ELVAN KARAKAN STAJYER ÜCRETÝ;-8216,00;392587,70
09.01.2025;HAVALE-CARI HESABA MAHSUBEN;15638,89;408226,59
10.01.2025;BATCH VALOR ÇOZUM 30-11-2024 /000000001120365 P POS Satýþ          /01462324826;9517,26;417743,85
12.01.2025;BATCH VALOR ÇOZUM 02-12-2024 /000000001120365 P POS Satýþ          /01464183929;8018,85;425762,70
12.01.2025;BATCH VALOR ÇOZUM 02-12-2024 /000000001120365 P POS Satýþ          /01464183942;8268,37;434031,07
12.01.2025;BATCH VALOR ÇOZUM 02-12-2024 /000000001120365 P POS Satýþ          /01464183928;25373,77;459404,84
13.01.2025;7441562300            ,CK Akdeniz Elektr,OTM ÖDEME,744862053974;-31600,00;427804,84
14.01.2025;BATCH VALOR ÇOZUM 04-12-2024 /000000001120365 P POS Satýþ          /01465772963;1550,00;429354,84
14.01.2025;BATCH VALOR ÇOZUM 04-12-2024 /000000001120365 P POS Satýþ          /01465772969;19000,00;448354,84
14.01.2025;BATCH VALOR ÇOZUM 04-12-2024 /000000001120365 P POS Satýþ          /01465772964;63088,74;511443,58
15.01.2025;BATCH VALOR ÇOZUM 05-12-2024 /000000001120365 P POS Satýþ          /01466572256;2500,00;513943,58
15.01.2025;BATCH VALOR ÇOZUM 05-12-2024 /000000001120365 P POS Satýþ          /01466572254;13373,47;527317,05
15.01.2025;BATCH VALOR ÇOZUM 05-12-2024 /000000001120365 P POS Satýþ          /01466572255;13645,00;540962,05
16.01.2025;9927702875            ,Türk Telekom (Mob,OTM ÖDEME,20241896231937;-1914,00;539048,05
16.01.2025;1807476754            ,Türk Telekom (Ýnt,OTM ÖDEME,0002024133695648;-704,00;538344,05
17.01.2025;BATCH VALOR ÇOZUM 07-12-2024 /000000001120365 P POS Satýþ          /01468216483;297,60;538641,65
19.01.2025;BATCH VALOR ÇOZUM 09-12-2024 /000000001120365 P POS Satýþ          /01469724187;250,00;538891,65
19.01.2025;BATCH VALOR ÇOZUM 09-12-2024 /000000001120365 P POS Satýþ          /01469724186;21513,96;560405,61
20.01.2025;BATCH VALOR ÇOZUM 10-12-2024 /000000001120365 P POS Satýþ          /01470539852;4879,84;565285,45
20.01.2025;BATCH VALOR ÇOZUM 10-12-2024 /000000001120365 P POS Satýþ          /01470539853;12135,00;577420,45
20.01.2025;4988520000486642 KREDÝ KARTI OTOMATÝK VÝRMAN;-155974,79;421445,66
20.01.2025;2425131303            ,Türk Telekom(Tele,OTM ÖDEME,0002024120001742;-94,00;421351,66
20.01.2025;2425138920            ,Türk Telekom(Tele,OTM ÖDEME,0002024120001743;-180,75;421170,91
26.01.2025;BATCH VALOR ÇOZUM 16-12-2024 /000000001120365 P POS Satýþ          /01475327605;1000,00;422170,91
26.01.2025;BATCH VALOR ÇOZUM 16-12-2024 /000000001120365 P POS Satýþ          /01475327617;13036,93;435207,84
27.01.2025;585999                ,Antalya Su       ,OTM ÖDEME,232634117  -500;-3958,94;431248,90
27.01.2025;BATCH VALOR ÇOZUM 17-12-2024 /000000001120365 P POS Satýþ          /01476163551;1000,00;432248,90
29.01.2025;BATCH VALOR ÇOZUM 19-12-2024 /000000001120365 P POS Satýþ          /01477813237;412,00;432660,90
29.01.2025;BATCH VALOR ÇOZUM 19-12-2024 /000000001120365 P POS Satýþ          /01477813236;1000,00;433660,90
30.01.2025;BATCH VALOR ÇOZUM 20-12-2024 /000000001120365 P POS Satýþ          /01478642942;10000,00;443660,90
30.01.2025;ALANYA ÖZKAN KIRTASÝYE MATBAACILIK YAYIN/HALKBANK HESABINA VÝRMAN;1.350.000,00;1.793.660,90
30.01.2025;ALANYA ÖZKAN KIRTASÝYE MAT.YAYIN.ÝNÞ.TÝC/HALKBANK HESABINA VÝRMAN;206339,10;2.000.000,00
31.01.2025;BATCH VALOR ÇOZUM 21-12-2024 /000000001120365 P POS Satýþ          /01479489554;1000,00;2.001.000,00
31.01.2025;0006631525     10100363 00000000 10260200;-200000,00;1.801.000,00
31.01.2025;6631535 01-TAKAS PROVÝZYON  10260200;-150000,00;1.651.000,00
31.01.2025;6631534 01-TAKAS PROVÝZYON  10260200;-150000,00;1.501.000,00
31.01.2025;3847350 01-TAKAS PROVÝZYON  10260200;-200000,00;1.301.000,00
31.01.2025;8425886 01-TAKAS PROVÝZYON  10260200;-300000,00;1.001.000,00
31.01.2025;8425890 01-TAKAS PROVÝZYON  10260200;-300000,00;701000,00
31.01.2025;8425882 01-TAKAS PROVÝZYON  10260200;-500000,00;201000,00
01.02.2025;000000001120365/PAU1                   POS Aidat        PS080134/000001513191975;-476,19;200523,81
01.02.2025;000000001120365/PAU1                   POS Aidat        PS080134/000001513191975;-23,81;200500,00
01.02.2025;000000001120365/PAU1                   POS Aidat        02003840/000001513191976;-380,95;200119,05
01.02.2025;000000001120365/PAU1                   POS Aidat        02003840/000001513191976;-19,05;200100,00
01.02.2025;000000001120365/PAU1                   POS Aidat        02217645/000001513191978;-380,95;199719,05
01.02.2025;000000001120365/PAU1                   POS Aidat        02217645/000001513191978;-19,05;199700,00
04.02.2025;BATCH VALOR ÇOZUM 25-12-2024 /000000001120365 P POS Satýþ          /01482632550;8417,94;208117,94
04.02.2025;BATCH VALOR ÇOZUM 25-12-2024 /000000001120365 P POS Satýþ          /01482632551;28849,00;236966,94
04.02.2025;ALANYA ÖZKAN KIRTASÝYE MAT.YAYIN.ÝNÞTÝC./ZiRAAT MOBiL EFT ZÝRAAT HESABINDAN HALK;350000,00;586966,94
04.02.2025;MEHMET ÖZKAN HUZUR HAKKI ÖDEMESÝ;-20000,00;566966,94
06.02.2025;BATCH VALOR ÇOZUM 27-12-2024 /000000001120365 P POS Satýþ          /01484288228;4587,00;571553,94
07.02.2025;ALANYA ÖZKAN KIRTASÝ YE MAT.YAMAAÞ                             2024 OCAK;-488985,74;82568,20
07.02.2025;BATCH VALOR ÇOZUM 28-12-2024 /000000001120365 P POS Satýþ          /01485128030;6057,74;88625,94
07.02.2025;BATCH VALOR ÇOZUM 28-12-2024 /000000001120365 P POS Satýþ          /01485128034;7777,62;96403,56
07.02.2025;ELVAN KARAKAN STAJYER ÜCRETÝ;-11052,35;85351,21
09.02.2025;BATCH VALOR ÇOZUM 30-12-2024 /000000001120365 P POS Satýþ          /01486651866;122,50;85473,71
09.02.2025;BATCH VALOR ÇOZUM 30-12-2024 /000000001120365 P POS Satýþ          /01486651865;153,00;85626,71
09.02.2025;BATCH VALOR ÇOZUM 30-12-2024 /000000001120365 P POS Satýþ          /01486651868;527,75;86154,46
09.02.2025;BATCH VALOR ÇOZUM 30-12-2024 /000000001120365 P POS Satýþ          /01486651861;650,80;86805,26
09.02.2025;BATCH VALOR ÇOZUM 30-12-2024 /000000001120365 P POS Satýþ          /01486651869;853,90;87659,16
09.02.2025;BATCH VALOR ÇOZUM 30-12-2024 /000000001120365 P POS Satýþ          /01486651862;1015,00;88674,16
09.02.2025;BATCH VALOR ÇOZUM 30-12-2024 /000000001120365 P POS Satýþ          /01486651864;1160,69;89834,85
09.02.2025;BATCH VALOR ÇOZUM 30-12-2024 /000000001120365 P POS Satýþ          /01486651867;17175,56;107010,41
10.02.2025;BATCH VALOR ÇOZUM 31-12-2024 /000000001120365 P POS Satýþ          /01487516882;46,80;107057,21
10.02.2025;BATCH VALOR ÇOZUM 31-12-2024 /000000001120365 P POS Satýþ          /01487516883;129,20;107186,41
10.02.2025;BATCH VALOR ÇOZUM 31-12-2024 /000000001120365 P POS Satýþ          /01487516890;566,00;107752,41
10.02.2025;BATCH VALOR ÇOZUM 31-12-2024 /000000001120365 P POS Satýþ          /01487516881;1194,40;108946,81
10.02.2025;BATCH VALOR ÇOZUM 31-12-2024 /000000001120365 P POS Satýþ          /01487516895;2286,00;111232,81
10.02.2025;BATCH VALOR ÇOZUM 31-12-2024 /000000001120365 P POS Satýþ          /01487516884;2339,75;113572,56
10.02.2025;BATCH VALOR ÇOZUM 31-12-2024 /000000001120365 P POS Satýþ          /01487516885;2658,00;116230,56
10.02.2025;BATCH VALOR ÇOZUM 31-12-2024 /000000001120365 P POS Satýþ          /01487516887;2785,30;119015,86
10.02.2025;BATCH VALOR ÇOZUM 31-12-2024 /000000001120365 P POS Satýþ          /01487516879;5515,77;124531,63
10.02.2025;BATCH VALOR ÇOZUM 31-12-2024 /000000001120365 P POS Satýþ          /01487516878;9282,00;133813,63
10.02.2025;BATCH VALOR ÇOZUM 31-12-2024 /000000001120365 P POS Satýþ          /01487516886;14845,79;148659,42
11.02.2025;7441562300            ,CK Akdeniz Elektr,OTM ÖDEME,744083895794;-31245,00;117414,42
11.02.2025;BATCH VALOR ÇOZUM 01-01-2025 /000000001120365 P POS Satýþ          /01488761993;122,10;117536,52
11.02.2025;BATCH VALOR ÇOZUM 01-01-2025 /000000001120365 P POS Satýþ          /01488762007;200,00;117736,52
11.02.2025;BATCH VALOR ÇOZUM 01-01-2025 /000000001120365 P POS Satýþ          /01488761991;347,20;118083,72
11.02.2025;BATCH VALOR ÇOZUM 01-01-2025 /000000001120365 P POS Satýþ          /01488761994;564,80;118648,52
11.02.2025;BATCH VALOR ÇOZUM 01-01-2025 /000000001120365 P POS Satýþ          /01488761989;1417,80;120066,32
11.02.2025;BATCH VALOR ÇOZUM 01-01-2025 /000000001120365 P POS Satýþ          /01488761990;3788,90;123855,22
11.02.2025;BATCH VALOR ÇOZUM 01-01-2025 /000000001120365 P POS Satýþ          /01488762017;4712,74;128567,96
11.02.2025;BATCH VALOR ÇOZUM 01-01-2025 /000000001120365 P POS Satýþ          /01488761995;5481,64;134049,60
11.02.2025;BATCH VALOR ÇOZUM 01-01-2025 /000000001120365 P POS Satýþ          /01488761992;6670,20;140719,80
12.02.2025;BATCH VALOR ÇOZUM 02-01-2025 /000000001120365 P POS Satýþ          /01489423933;40,00;140759,80
12.02.2025;BATCH VALOR ÇOZUM 02-01-2025 /000000001120365 P POS Satýþ          /01489423937;180,00;140939,80
12.02.2025;BATCH VALOR ÇOZUM 02-01-2025 /000000001120365 P POS Satýþ          /01489423942;232,00;141171,80
12.02.2025;BATCH VALOR ÇOZUM 02-01-2025 /000000001120365 P POS Satýþ          /01489423928;241,50;141413,30
12.02.2025;BATCH VALOR ÇOZUM 02-01-2025 /000000001120365 P POS Satýþ          /01489423941;308,00;141721,30
12.02.2025;BATCH VALOR ÇOZUM 02-01-2025 /000000001120365 P POS Satýþ          /01489423934;921,44;142642,74
12.02.2025;BATCH VALOR ÇOZUM 02-01-2025 /000000001120365 P POS Satýþ          /01489423936;1171,75;143814,49
12.02.2025;BATCH VALOR ÇOZUM 02-01-2025 /000000001120365 P POS Satýþ          /01489423938;1280,00;145094,49
12.02.2025;BATCH VALOR ÇOZUM 02-01-2025 /000000001120365 P POS Satýþ          /01489423935;1814,24;146908,73
12.02.2025;BATCH VALOR ÇOZUM 02-01-2025 /000000001120365 P POS Satýþ          /01489423940;3959,20;150867,93
12.02.2025;BATCH VALOR ÇOZUM 02-01-2025 /000000001120365 P POS Satýþ          /01489423943;5647,44;156515,37
12.02.2025;BATCH VALOR ÇOZUM 02-01-2025 /000000001120365 P POS Satýþ          /01489423932;8704,66;165220,03
13.02.2025;BATCH VALOR ÇOZUM 03-01-2025 /000000001120365 P POS Satýþ          /01490211431;15,00;165235,03
13.02.2025;BATCH VALOR ÇOZUM 03-01-2025 /000000001120365 P POS Satýþ          /01490211429;112,00;165347,03
13.02.2025;BATCH VALOR ÇOZUM 03-01-2025 /000000001120365 P POS Satýþ          /01490211435;206,00;165553,03
13.02.2025;BATCH VALOR ÇOZUM 03-01-2025 /000000001120365 P POS Satýþ          /01490211448;552,68;166105,71
13.02.2025;BATCH VALOR ÇOZUM 03-01-2025 /000000001120365 P POS Satýþ          /01490211428;740,80;166846,51
13.02.2025;BATCH VALOR ÇOZUM 03-01-2025 /000000001120365 P POS Satýþ          /01490211439;812,50;167659,01
13.02.2025;BATCH VALOR ÇOZUM 03-01-2025 /000000001120365 P POS Satýþ          /01490211432;9738,04;177397,05
13.02.2025;BATCH VALOR ÇOZUM 03-01-2025 /000000001120365 P POS Satýþ          /01490211444;9939,34;187336,39
13.02.2025;BATCH VALOR ÇOZUM 03-01-2025 /000000001120365 P POS Satýþ          /01490211433;15913,67;203250,06
14.02.2025;BATCH VALOR ÇOZUM 04-01-2025 /000000001120365 P POS Satýþ          /01491009739;40,00;203290,06
14.02.2025;BATCH VALOR ÇOZUM 04-01-2025 /000000001120365 P POS Satýþ          /01491009747;280,00;203570,06
14.02.2025;BATCH VALOR ÇOZUM 04-01-2025 /000000001120365 P POS Satýþ          /01491009754;451,20;204021,26
14.02.2025;BATCH VALOR ÇOZUM 04-01-2025 /000000001120365 P POS Satýþ          /01491009760;539,20;204560,46
14.02.2025;BATCH VALOR ÇOZUM 04-01-2025 /000000001120365 P POS Satýþ          /01491009745;602,00;205162,46
14.02.2025;BATCH VALOR ÇOZUM 04-01-2025 /000000001120365 P POS Satýþ          /01491009736;641,15;205803,61
14.02.2025;BATCH VALOR ÇOZUM 04-01-2025 /000000001120365 P POS Satýþ          /01491009749;643,60;206447,21
14.02.2025;BATCH VALOR ÇOZUM 04-01-2025 /000000001120365 P POS Satýþ          /01491009751;917,00;207364,21
14.02.2025;BATCH VALOR ÇOZUM 04-01-2025 /000000001120365 P POS Satýþ          /01491009753;1164,00;208528,21
14.02.2025;BATCH VALOR ÇOZUM 04-01-2025 /000000001120365 P POS Satýþ          /01491009742;2422,42;210950,63
14.02.2025;BATCH VALOR ÇOZUM 04-01-2025 /000000001120365 P POS Satýþ          /01491009752;3100,32;214050,95
14.02.2025;BATCH VALOR ÇOZUM 04-01-2025 /000000001120365 P POS Satýþ          /01491009743;3705,20;217756,15
14.02.2025;BATCH VALOR ÇOZUM 04-01-2025 /000000001120365 P POS Satýþ          /01491009744;7146,54;224902,69
14.02.2025;BATCH VALOR ÇOZUM 04-01-2025 /000000001120365 P POS Satýþ          /01491009746;11803,32;236706,01
14.02.2025;BATCH VALOR ÇOZUM 04-01-2025 /000000001120365 P POS Satýþ          /01491009750;13603,12;250309,13
15.02.2025;BATCH VALOR ÇOZUM 05-01-2025 /000000001120365 P POS Satýþ          /01491794772;85,00;250394,13
15.02.2025;BATCH VALOR ÇOZUM 05-01-2025 /000000001120365 P POS Satýþ          /01491794767;106,00;250500,13
15.02.2025;BATCH VALOR ÇOZUM 05-01-2025 /000000001120365 P POS Satýþ          /01491794770;190,00;250690,13
15.02.2025;BATCH VALOR ÇOZUM 05-01-2025 /000000001120365 P POS Satýþ          /01491794774;467,00;251157,13
15.02.2025;BATCH VALOR ÇOZUM 05-01-2025 /000000001120365 P POS Satýþ          /01491794776;666,00;251823,13
15.02.2025;BATCH VALOR ÇOZUM 05-01-2025 /000000001120365 P POS Satýþ          /01491794775;1659,63;253482,76
15.02.2025;BATCH VALOR ÇOZUM 05-01-2025 /000000001120365 P POS Satýþ          /01491794771;1758,40;255241,16
15.02.2025;BATCH VALOR ÇOZUM 05-01-2025 /000000001120365 P POS Satýþ          /01491794777;2290,92;257532,08
15.02.2025;BATCH VALOR ÇOZUM 05-01-2025 /000000001120365 P POS Satýþ          /01491794766;4372,55;261904,63
15.02.2025;BATCH VALOR ÇOZUM 05-01-2025 /000000001120365 P POS Satýþ          /01491794768;5836,34;267740,97
16.02.2025;BATCH VALOR ÇOZUM 06-01-2025 /000000001120365 P POS Satýþ          /01492450709;28,80;267769,77
16.02.2025;BATCH VALOR ÇOZUM 06-01-2025 /000000001120365 P POS Satýþ          /01492450710;76,00;267845,77
16.02.2025;BATCH VALOR ÇOZUM 06-01-2025 /000000001120365 P POS Satýþ          /01492450715;256,00;268101,77
16.02.2025;BATCH VALOR ÇOZUM 06-01-2025 /000000001120365 P POS Satýþ          /01492450721;272,00;268373,77
16.02.2025;BATCH VALOR ÇOZUM 06-01-2025 /000000001120365 P POS Satýþ          /01492450704;514,00;268887,77
16.02.2025;BATCH VALOR ÇOZUM 06-01-2025 /000000001120365 P POS Satýþ          /01492450708;585,20;269472,97
16.02.2025;BATCH VALOR ÇOZUM 06-01-2025 /000000001120365 P POS Satýþ          /01492450711;598,80;270071,77
16.02.2025;BATCH VALOR ÇOZUM 06-01-2025 /000000001120365 P POS Satýþ          /01492450714;1513,04;271584,81
16.02.2025;BATCH VALOR ÇOZUM 06-01-2025 /000000001120365 P POS Satýþ          /01492450706;3113,00;274697,81
16.02.2025;BATCH VALOR ÇOZUM 06-01-2025 /000000001120365 P POS Satýþ          /01492450707;5875,60;280573,41
16.02.2025;BATCH VALOR ÇOZUM 06-01-2025 /000000001120365 P POS Satýþ          /01492450713;7488,70;288062,11
16.02.2025;BATCH VALOR ÇOZUM 06-01-2025 /000000001120365 P POS Satýþ          /01492450700;15173,93;303236,04
17.02.2025;BATCH VALOR ÇOZUM 07-01-2025 /000000001120365 P POS Satýþ          /01493253704;206,00;303442,04
17.02.2025;BATCH VALOR ÇOZUM 07-01-2025 /000000001120365 P POS Satýþ          /01493253708;330,00;303772,04
17.02.2025;BATCH VALOR ÇOZUM 07-01-2025 /000000001120365 P POS Satýþ          /01493253699;351,20;304123,24
17.02.2025;BATCH VALOR ÇOZUM 07-01-2025 /000000001120365 P POS Satýþ          /01493253713;2120,00;306243,24
17.02.2025;BATCH VALOR ÇOZUM 07-01-2025 /000000001120365 P POS Satýþ          /01493253702;3901,25;310144,49
17.02.2025;BATCH VALOR ÇOZUM 07-01-2025 /000000001120365 P POS Satýþ          /01493253719;4882,90;315027,39
17.02.2025;BATCH VALOR ÇOZUM 07-01-2025 /000000001120365 P POS Satýþ          /01493253703;14255,85;329283,24
17.02.2025;ALANYA ÖZKAN KIRTASÝ YE MAT.YAYIN.ÝNÞTÝC.SAN.LTD.ÞTÝ ,;-100000,00;229283,24
17.02.2025;ALANYA ÖZKAN KIRTASÝ YE MAT.YAYIN.ÝNÞTÝC.SAN.LTD.ÞTÝ ,;-12,80;229270,44
17.02.2025;ALANYA ÖZKAN KIRTASÝ YE MAT.YAYIN.ÝNÞTÝC.SAN.LTD.ÞTÝ ,;-100000,00;129270,44
17.02.2025;ALANYA ÖZKAN KIRTASÝ YE MAT.YAYIN.ÝNÞTÝC.SAN.LTD.ÞTÝ ,;-12,80;129257,64
17.02.2025;ALANYA ÖZKAN KIRTASÝYE MAT.YAYIN.ÝNÞTÝC.SAN.LTD.ÞTÝ 'DAN ZÝRAAT HESABINDAN HALKB;51230,00;180487,64
17.02.2025;4988520000486642 KREDÝ KARTI OTOMATÝK VÝRMAN;-179007,67;1479,97
17.02.2025;9927702875            ,Türk Telekom (Mob,OTM ÖDEME,20251914070261;-3362,50;-1882,53
17.02.2025;1807476754            ,Türk Telekom (Ýnt,OTM ÖDEME,0002025011085562;-704,00;-2586,53
18.02.2025;BATCH VALOR ÇOZUM 08-01-2025 /000000001120365 P POS Satýþ          /01494046555;121,60;-2464,93
18.02.2025;BATCH VALOR ÇOZUM 08-01-2025 /000000001120365 P POS Satýþ          /01494046550;225,00;-2239,93
18.02.2025;BATCH VALOR ÇOZUM 08-01-2025 /000000001120365 P POS Satýþ          /01494046545;300,00;-1939,93
18.02.2025;BATCH VALOR ÇOZUM 08-01-2025 /000000001120365 P POS Satýþ          /01494046544;374,00;-1565,93
18.02.2025;BATCH VALOR ÇOZUM 08-01-2025 /000000001120365 P POS Satýþ          /01494046553;2927,00;1361,07
18.02.2025;BATCH VALOR ÇOZUM 08-01-2025 /000000001120365 P POS Satýþ          /01494046554;3715,70;5076,77
18.02.2025;BATCH VALOR ÇOZUM 08-01-2025 /000000001120365 P POS Satýþ          /01494046546;4085,45;9162,22
18.02.2025;BATCH VALOR ÇOZUM 08-01-2025 /000000001120365 P POS Satýþ          /01494046542;10812,00;19974,22
18.02.2025;BATCH VALOR ÇOZUM 08-01-2025 /000000001120365 P POS Satýþ          /01494046549;13918,75;33892,97
18.02.2025;BATCH VALOR ÇOZUM 08-01-2025 /000000001120365 P POS Satýþ          /01494046548;15641,00;49533,97
19.02.2025;BATCH VALOR ÇOZUM 09-01-2025 /000000001120365 P POS Satýþ          /01494842886;16,00;49549,97
19.02.2025;BATCH VALOR ÇOZUM 09-01-2025 /000000001120365 P POS Satýþ          /01494842887;145,00;49694,97
19.02.2025;BATCH VALOR ÇOZUM 09-01-2025 /000000001120365 P POS Satýþ          /01494842908;200,00;49894,97
19.02.2025;BATCH VALOR ÇOZUM 09-01-2025 /000000001120365 P POS Satýþ          /01494842883;591,84;50486,81
19.02.2025;BATCH VALOR ÇOZUM 09-01-2025 /000000001120365 P POS Satýþ          /01494842882;1416,60;51903,41
19.02.2025;BATCH VALOR ÇOZUM 09-01-2025 /000000001120365 P POS Satýþ          /01494842902;3171,32;55074,73
19.02.2025;BATCH VALOR ÇOZUM 09-01-2025 /000000001120365 P POS Satýþ          /01494842879;6742,80;61817,53
19.02.2025;BATCH VALOR ÇOZUM 09-01-2025 /000000001120365 P POS Satýþ          /01494842884;15492,32;77309,85
19.02.2025;BATCH VALOR ÇOZUM 09-01-2025 /000000001120365 P POS Satýþ          /01494842889;20256,16;97566,01
20.02.2025;BATCH VALOR ÇOZUM 10-01-2025 /000000001120365 P POS Satýþ          /01495648057;210,40;97776,41
20.02.2025;BATCH VALOR ÇOZUM 10-01-2025 /000000001120365 P POS Satýþ          /01495648080;586,00;98362,41
20.02.2025;BATCH VALOR ÇOZUM 10-01-2025 /000000001120365 P POS Satýþ          /01495648067;944,40;99306,81
20.02.2025;BATCH VALOR ÇOZUM 10-01-2025 /000000001120365 P POS Satýþ          /01495648062;1056,00;100362,81
20.02.2025;BATCH VALOR ÇOZUM 10-01-2025 /000000001120365 P POS Satýþ          /01495648064;2519,20;102882,01
20.02.2025;AYTUR TURÝZM VE TÝCARET LTD.ÞTÝ. 'DAN CARÝ HESABA MAHSUBEN , Türkiye Garanti Ban;25760,47;128642,48
21.02.2025;2425138920            ,Türk Telekom(Tele,OTM ÖDEME,0002025010001723;-153,50;128488,98
24.02.2025;9325501-9325525  DEÐERLI KAÐIT BEDELI;-2000,00;126488,98
24.02.2025;9325501-9325525  ÇEK KOÇAN MASRAFI;-913,50;125575,48
24.02.2025;2425131303            ,Türk Telekom(Tele,OTM ÖDEME,0002025010001722;-94,00;125481,48
25.02.2025;585999                ,Antalya Su       ,OTM ÖDEME,234163263  -500;-3736,82;121744,66
25.02.2025;BATCH VALOR ÇOZUM 15-01-2025 /000000001120365 P POS Satýþ          /01499520116;135,00;121879,66
25.02.2025;BATCH VALOR ÇOZUM 15-01-2025 /000000001120365 P POS Satýþ          /01499520114;12000,00;133879,66
26.02.2025;BATCH VALOR ÇOZUM 16-01-2025 /000000001120365 P POS Satýþ          /01500344266;5663,75;139543,41
26.02.2025;ÇÞ0009217  VERGÝ TAHSÝLATI, 007201/0480525636                  0571/10260200/;-3796,14;135747,27
27.02.2025;BATCH VALOR ÇOZUM 17-01-2025 /000000001120365 P POS Satýþ          /01501172955;3450,00;139197,27
27.02.2025;ALANYA ÖZKAN KIRTASÝYE MAT.YAYIN.ÝNÞ.TÝC/ViRMAN;117000,00;256197,27
27.02.2025;ALANYA ÖZKAN KIRTASÝYE MATBAACILIK YAYIN/HALKB HESABIMIZA GÖNDERiLEN;733000,00;989197,27
27.02.2025;ALANYA ÖZKAN KIRTASÝYE MAT.YAYIN.ÝNÞTÝC./ZiRAAT MOBiL EFT ZÝRAAT HESABINDAN HALK;213000,00;1.202.197,27
27.02.2025;ALANYA ÖZKAN KIRTASÝYE MAT.YAYIN.ÝNÞTÝC./ZiRAAT MOBiL EFT ZÝRAAT HESABINDAN HALK;300000,00;1.502.197,27
28.02.2025;BATCH VALOR ÇOZUM 18-01-2025 /000000001120365 P POS Satýþ          /01502022263;290,00;1.502.487,27
28.02.2025;BATCH VALOR ÇOZUM 18-01-2025 /000000001120365 P POS Satýþ          /01502022264;792,00;1.503.279,27
28.02.2025;BATCH VALOR ÇOZUM 18-01-2025 /000000001120365 P POS Satýþ          /01502022267;1927,60;1.505.206,87
28.02.2025;BATCH VALOR ÇOZUM 18-01-2025 /000000001120365 P POS Satýþ          /01502022268;23198,52;1.528.405,39
28.02.2025;0008425892     85000327 00000000 10260200;-150000,00;1.378.405,39
28.02.2025;6631542 01-TAKAS PROVÝZYON  10260200;-100000,00;1.278.405,39
28.02.2025;8425893 01-TAKAS PROVÝZYON  10260200;-150000,00;1.128.405,39
28.02.2025;8425895 01-TAKAS PROVÝZYON  10260200;-200000,00;928405,39
28.02.2025;8425885 01-TAKAS PROVÝZYON  10260200;-350000,00;578405,39
28.02.2025;8425883 01-TAKAS PROVÝZYON  10260200;-500000,00;78405,39
28.02.2025;ALANYA ÖZKAN KIRTASÝYE.MAT.YAY.ÝNÞ.TÝC.L/AKBANK TAN HALKBANK A EFT;211000,00;289405,39
28.02.2025;ALANYA ÖZKAN KIRTASÝ YE MAT.YAYIN.ÝNÞTÝC.SAN.LTD.ÞTÝ ,TR170001002343559761925007;-250000,00;39405,39
28.02.2025;KMH FAÝZÝ;-4,34;39401,05
28.02.2025;%5.000 KREDÝ FAÝZ GÝDER VERGÝSÝ;-0,21;39400,84
01.03.2025;000000001120365/PAU1                   POS Aidat        02217645/000001535863374;-380,95;39019,89
01.03.2025;000000001120365/PAU1                   POS Aidat        02217645/000001535863374;-19,05;39000,84
01.03.2025;000000001120365/PAU1                   POS Aidat        PS080134/000001535863376;-476,19;38524,65
01.03.2025;000000001120365/PAU1                   POS Aidat        PS080134/000001535863376;-23,81;38500,84
01.03.2025;000000001120365/PAU1                   POS Aidat        02003840/000001535863386;-380,95;38119,89
01.03.2025;000000001120365/PAU1                   POS Aidat        02003840/000001535863386;-19,05;38100,84
02.03.2025;BATCH VALOR ÇOZUM 20-01-2025 /000000001120365 P POS Satýþ          /01503532847;65,00;38165,84
02.03.2025;BATCH VALOR ÇOZUM 20-01-2025 /000000001120365 P POS Satýþ          /01503532849;2494,63;40660,47
02.03.2025;BATCH VALOR ÇOZUM 20-01-2025 /000000001120365 P POS Satýþ          /01503532848;2622,72;43283,19
03.03.2025;BATCH VALOR ÇOZUM 21-01-2025 /000000001120365 P POS Satýþ          /01504362328;487,30;43770,49
03.03.2025;BATCH VALOR ÇOZUM 21-01-2025 /000000001120365 P POS Satýþ          /01504362342;9405,60;53176,09
04.03.2025;BATCH VALOR ÇOZUM 22-01-2025 /000000001120365 P POS Satýþ          /01505161791;3048,00;56224,09
05.03.2025;BATCH VALOR ÇOZUM 23-01-2025 /000000001120365 P POS Satýþ          /01505966958;65,00;56289,09
05.03.2025;BATCH VALOR ÇOZUM 23-01-2025 /000000001120365 P POS Satýþ          /01505966946;357,40;56646,49
05.03.2025;BATCH VALOR ÇOZUM 23-01-2025 /000000001120365 P POS Satýþ          /01505966957;8194,62;64841,11
05.03.2025;ALANYA ÖZKAN KIRTASÝYE MAT.YAYIN.ÝNÞ.TÝC.LTD.ÞTÝ 'DAN Virman , Yapý ve Kredi Ban;69000,00;133841,11
05.03.2025;ALANYA ÖZKAN KIRTASÝYE MAT.YAYIN.ÝNÞTÝC.SAN.LTD.ÞTÝ 'DAN ZÝRAAT HESABINDAN HALKB;37000,00;170841,11
05.03.2025;ALANYA ÖZKAN KIRTASÝYE MAT.YAYIN.ÝNÞTÝC./ZiRAAT MOBiL EFT ZÝRAAT HESABINDAN HALK;330000,00;500841,11
05.03.2025;AYTUR TURÝZM VE TÝCARET LTD.ÞTÝ.        /CARÝ HESABA MAHSUBEN;198802,39;699643,50
06.03.2025;BATCH VALOR ÇOZUM 24-01-2025 /000000001120365 P POS Satýþ          /01506781421;2787,81;702431,31
07.03.2025;BATCH VALOR ÇOZUM 25-01-2025 /000000001120365 P POS Satýþ          /01507608911;16,00;702447,31
07.03.2025;BATCH VALOR ÇOZUM 25-01-2025 /000000001120365 P POS Satýþ          /01507608896;84,20;702531,51
07.03.2025;BATCH VALOR ÇOZUM 25-01-2025 /000000001120365 P POS Satýþ          /01507608899;406,80;702938,31
07.03.2025;BATCH VALOR ÇOZUM 25-01-2025 /000000001120365 P POS Satýþ          /01507608900;1500,00;704438,31
08.03.2025;ALANYA ÖZKAN KIRTASÝ YE MAT.YAMAAÞ                             2024 ÞUBAT;-484866,07;219572,24
09.03.2025;BATCH VALOR ÇOZUM 27-01-2025 /000000001120365 P POS Satýþ          /01509083463;21183,23;240755,47
10.03.2025;BATCH VALOR ÇOZUM 28-01-2025 /000000001120365 P POS Satýþ          /01509906243;1500,00;242255,47
10.03.2025;BATCH VALOR ÇOZUM 28-01-2025 /000000001120365 P POS Satýþ          /01509906246;7180,00;249435,47
10.03.2025;BATCH VALOR ÇOZUM 28-01-2025 /000000001120365 P POS Satýþ          /01509906244;20464,00;269899,47
10.03.2025;BATCH VALOR ÇOZUM 28-01-2025 /000000001120365 P POS Satýþ          /01509906245;34300,00;304199,47
10.03.2025;MEHMET ÖZKAN HUZUR HAKKI ÖDEMESÝ;-20000,00;284199,47
10.03.2025;ELVAN KARAKAN STAJYER ÜCRETÝ;-11052,35;273147,12
11.03.2025;BATCH VALOR ÇOZUM 29-01-2025 /000000001120365 P POS Satýþ          /01510710909;256,02;273403,14
11.03.2025;BATCH VALOR ÇOZUM 29-01-2025 /000000001120365 P POS Satýþ          /01510710917;4619,43;278022,57
12.03.2025;BATCH VALOR ÇOZUM 30-01-2025 /000000001120365 P POS Satýþ          /01511539146;116,00;278138,57
12.03.2025;BATCH VALOR ÇOZUM 30-01-2025 /000000001120365 P POS Satýþ          /01511539155;36274,43;314413,00
13.03.2025;7441562300            ,CK Akdeniz Elektr,OTM ÖDEME,744795932395;-34420,00;279993,00
14.03.2025;BATCH VALOR ÇOZUM 01-02-2025 /000000001120365 P POS Satýþ          /01513559241;468,00;280461,00
15.03.2025;BATCH VALOR ÇOZUM 02-02-2025 /000000001120365 P POS Satýþ          /01514379217;6299,10;286760,10
16.03.2025;BATCH VALOR ÇOZUM 03-02-2025 /000000001120365 P POS Satýþ          /01515066562;7942,00;294702,10
16.03.2025;BATCH VALOR ÇOZUM 03-02-2025 /000000001120365 P POS Satýþ          /01515066550;10000,00;304702,10
17.03.2025;BATCH VALOR ÇOZUM 04-02-2025 /000000001120365 P POS Satýþ          /01515873416;660,00;305362,10
17.03.2025;BATCH VALOR ÇOZUM 04-02-2025 /000000001120365 P POS Satýþ          /01515873419;681,38;306043,48
17.03.2025;BATCH VALOR ÇOZUM 04-02-2025 /000000001120365 P POS Satýþ          /01515873418;4130,52;310174,00
17.03.2025;ALANYA ÖZKAN KIRTASÝYE MAT.YAYIN.ÝNÞ.TÝC/HALKBANK HESABINA;183000,00;493174,00
17.03.2025;ALANYA ÖZKAN KIRTASÝYE MAT.YAYIN.ÝNÞTÝC.SAN.LTD.ÞTÝ 'DAN ZÝRAAT HESABINDAN HALKB;34000,00;527174,00
17.03.2025;ALANYA ÖZKAN KIRTASÝYE MAT.YAYIN.ÝNÞTÝC.SAN.LTD.ÞTÝ 'DAN ZÝRAAT HESABINDAN HALKB;81000,00;608174,00
17.03.2025;ALANYA ÖZKAN KIRTASÝ YE MAT.YAYIN.ÝNÞTÝC.SAN.LTD.ÞTÝ ,TR280001000704732321135004;-300000,00;308174,00
17.03.2025;4988520000486642 KREDÝ KARTI OTOMATÝK VÝRMAN;-265087,68;43086,32
17.03.2025;9927702875            ,Türk Telekom (Mob,OTM ÖDEME,20251931770196;-2186,25;40900,07
17.03.2025;1807476754            ,Türk Telekom (Ýnt,OTM ÖDEME,0002025022164030;-704,00;40196,07
18.03.2025;BATCH VALOR ÇOZUM 05-02-2025 /000000001120365 P POS Satýþ          /01516671125;12,00;40208,07
18.03.2025;BATCH VALOR ÇOZUM 05-02-2025 /000000001120365 P POS Satýþ          /01516671119;1526,29;41734,36
18.03.2025;BATCH VALOR ÇOZUM 05-02-2025 /000000001120365 P POS Satýþ          /01516671112;2414,95;44149,31
18.03.2025;BATCH VALOR ÇOZUM 05-02-2025 /000000001120365 P POS Satýþ          /01516671109;8499,53;52648,84
18.03.2025;2425138920            ,Türk Telekom(Tele,OTM ÖDEME,0002025020001694;-155,00;52493,84
19.03.2025;BATCH VALOR ÇOZUM 06-02-2025 /000000001120365 P POS Satýþ          /01517461630;275,00;52768,84
19.03.2025;BATCH VALOR ÇOZUM 06-02-2025 /000000001120365 P POS Satýþ          /01517461647;759,75;53528,59
19.03.2025;BATCH VALOR ÇOZUM 06-02-2025 /000000001120365 P POS Satýþ          /01517461629;776,75;54305,34
19.03.2025;BATCH VALOR ÇOZUM 06-02-2025 /000000001120365 P POS Satýþ          /01517461637;2380,00;56685,34
20.03.2025;BATCH VALOR ÇOZUM 07-02-2025 /000000001120365 P POS Satýþ          /01518244752;5000,00;61685,34
20.03.2025;BATCH VALOR ÇOZUM 07-02-2025 /000000001120365 P POS Satýþ          /01518244749;5786,80;67472,14
20.03.2025;BATCH VALOR ÇOZUM 07-02-2025 /000000001120365 P POS Satýþ          /01518244751;7028,00;74500,14
21.03.2025;BATCH VALOR ÇOZUM 08-02-2025 /000000001120365 P POS Satýþ          /01519052293;3820,00;78320,14
21.03.2025;2425131303            ,Türk Telekom(Tele,OTM ÖDEME,0002025020001693;-199,50;78120,64
22.03.2025;BATCH VALOR ÇOZUM 09-02-2025 /000000001120365 P POS Satýþ          /01519865789;628,75;78749,39
22.03.2025;BATCH VALOR ÇOZUM 09-02-2025 /000000001120365 P POS Satýþ          /01519865788;1031,40;79780,79
23.03.2025;BATCH VALOR ÇOZUM 10-02-2025 /000000001120365 P POS Satýþ          /01520538558;330,00;80110,79
23.03.2025;BATCH VALOR ÇOZUM 10-02-2025 /000000001120365 P POS Satýþ          /01520538557;6600,00;86710,79
23.03.2025;BATCH VALOR ÇOZUM 10-02-2025 /000000001120365 P POS Satýþ          /01520538570;8636,00;95346,79
24.03.2025;BATCH VALOR ÇOZUM 11-02-2025 /000000001120365 P POS Satýþ          /01521353587;165,00;95511,79
24.03.2025;BATCH VALOR ÇOZUM 11-02-2025 /000000001120365 P POS Satýþ          /01521353584;552,00;96063,79
24.03.2025;BATCH VALOR ÇOZUM 11-02-2025 /000000001120365 P POS Satýþ          /01521353586;1318,00;97381,79
24.03.2025;BATCH VALOR ÇOZUM 11-02-2025 /000000001120365 P POS Satýþ          /01521353588;1777,90;99159,69
25.03.2025;BATCH VALOR ÇOZUM 12-02-2025 /000000001120365 P POS Satýþ          /01522142700;540,00;99699,69
25.03.2025;BATCH VALOR ÇOZUM 12-02-2025 /000000001120365 P POS Satýþ          /01522142701;4455,76;104155,45
26.03.2025;BATCH VALOR ÇOZUM 13-02-2025 /000000001120365 P POS Satýþ          /01522951507;40,00;104195,45
26.03.2025;BATCH VALOR ÇOZUM 13-02-2025 /000000001120365 P POS Satýþ          /01522951523;862,05;105057,50
26.03.2025;BATCH VALOR ÇOZUM 13-02-2025 /000000001120365 P POS Satýþ          /01522951518;1395,00;106452,50
26.03.2025;BATCH VALOR ÇOZUM 13-02-2025 /000000001120365 P POS Satýþ          /01522951502;1450,00;107902,50
26.03.2025;BATCH VALOR ÇOZUM 13-02-2025 /000000001120365 P POS Satýþ          /01522951506;29095,00;136997,50
26.03.2025;POSH/20250326/000000001120365/WB10 E P POS Satýþ                /000001556654129;500,00;137497,50
26.03.2025;POSH/20250326/000000001120365/WB10 E P ÜÝY Komisyon             /000001556654129;-17,70;137479,80
27.03.2025;585999                ,Antalya Su       ,OTM ÖDEME,235640178  -500;-2454,97;135024,83
27.03.2025;BATCH VALOR ÇOZUM 14-02-2025 /000000001120365 P POS Satýþ          /01523762201;124,00;135148,83
27.03.2025;BATCH VALOR ÇOZUM 14-02-2025 /000000001120365 P POS Satýþ          /01523762199;572,00;135720,83
27.03.2025;BATCH VALOR ÇOZUM 14-02-2025 /000000001120365 P POS Satýþ          /01523762210;600,00;136320,83
27.03.2025;BATCH VALOR ÇOZUM 14-02-2025 /000000001120365 P POS Satýþ          /01523762202;25580,00;161900,83
28.03.2025;BATCH VALOR ÇOZUM 15-02-2025 /000000001120365 P POS Satýþ          /01524611291;15,80;161916,63
28.03.2025;BATCH VALOR ÇOZUM 15-02-2025 /000000001120365 P POS Satýþ          /01524611324;32,00;161948,63
28.03.2025;BATCH VALOR ÇOZUM 15-02-2025 /000000001120365 P POS Satýþ          /01524611287;546,00;162494,63
28.03.2025;BATCH VALOR ÇOZUM 15-02-2025 /000000001120365 P POS Satýþ          /01524611290;6370,98;168865,61
28.03.2025;BATCH VALOR ÇOZUM 15-02-2025 /000000001120365 P POS Satýþ          /01524611288;9265,27;178130,88
28.03.2025;ALANYA ÖZKAN KIRTASÝYE.MAT.YAY.ÝNÞ.TÝC.L/AKBANK TAN HALKBANK A EFT;113350,00;291480,88
28.03.2025;ALANYA ÖZKAN KIRTASÝYE MAT.YAYIN.ÝNÞ.TÝC.LTD.ÞTÝ 'DAN Virman , Yapý ve Kredi Ban;86700,00;378180,88
28.03.2025;ALANYA ÖZKAN KIRTASÝYE MATBAACILIK YAYIN/ALBARAKA DAN HALKBANK A EFT;250000,00;628180,88
28.03.2025;ALANYA ÖZKAN KIRTASÝYE MAT.YAYIN.ÝNÞTÝC./ZiRAAT MOBiL EFT ZÝRAAT HESABINDAN HALK;200000,00;828180,88
29.03.2025;BATCH VALOR ÇOZUM 16-02-2025 /000000001120365 P POS Satýþ          /01525478051;200,00;828380,88
30.03.2025;BATCH VALOR ÇOZUM 17-02-2025 /000000001120365 P POS Satýþ          /01526189916;15,00;828395,88
30.03.2025;BATCH VALOR ÇOZUM 17-02-2025 /000000001120365 P POS Satýþ          /01526189902;4156,52;832552,40
31.03.2025;BATCH VALOR ÇOZUM 18-02-2025 /000000001120365 P POS Satýþ          /01527020914;168,00;832720,40
31.03.2025;BATCH VALOR ÇOZUM 18-02-2025 /000000001120365 P POS Satýþ          /01527020916;1040,00;833760,40
