Tarih;Açýklama;Ýþlem Tutarý;Bakiye
31.03.2025;1801374784X310325180225PEÞÝNSATIÞ;17290,85;60.676,43
31.03.2025;1801374784X310325270225PEÞÝNSATIÞKATKIPAYI;-13,75;43.385,58
31.03.2025;1801374784X310325270225PEÞÝNSATIÞ;2749,50;43.399,33
30.03.2025;1801374784X300325170225PEÞÝNSATIÞ;9632,22;40.649,83
29.03.2025;1801374784X290325160225PEÞÝNSATIÞ;16772,95;31.017,61
29.03.2025;1801374784X290325300125ÜYE ÝÞYERÝ ÜCRETÝ - TAKSÝT (BSMV);-1,28;14.244,66
29.03.2025;1801374784X290325300125ÜYE ÝÞYERÝ ÜCRETÝ - TAKSÝT;-25,63;14.245,94
29.03.2025;1801374784X290325300125TAKSÝTSATIÞ;2229,42;14.271,57
29.03.2025;1801374784X290325311224ÜYE ÝÞYERÝ ÜCRETÝ - TAKSÝT (BSMV);-1,20;12.042,15
29.03.2025;1801374784X290325311224ÜYE ÝÞYERÝ ÜCRETÝ - TAKSÝT;-23,91;12.043,35
29.03.2025;1801374784X290325311224TAKSÝTSATIÞ;2079,23;12.067,26
28.03.2025;BSMV ELEKTRONÝK FON TRANSFERÝ (EFT) ÜCRETÝ-FAST/Alanya ÖZKAN KI/Virman;-0,61;9.988,03
28.03.2025;ELEKTRONÝK FON TRANSFERÝ (EFT) ÜCRETÝ-FAST/Alanya ÖZKAN KI/Virman;-12,19;9.988,64
28.03.2025;GÝDEN FAST - Alanya ÖZKAN KIRTASÝYE MAT.YAY.ÝNÞ.TÝC.LTD.ÞTÝ - Virman;-86700,00;10.000,83
28.03.2025;BSMV ELEKTRONÝK FON TRANSFERÝ (EFT) ÜCRETÝ-EFT/ALANYA ÖZKAN KI/Virman;-0,61;96.700,83
28.03.2025;ELEKTRONÝK FON TRANSFERÝ (EFT) ÜCRETÝ-EFT/ALANYA ÖZKAN KI/Virman;-12,19;96.701,44
28.03.2025;GÝDEN EFT - ALANYA ÖZKAN KIRTASÝYE MAT.YAY.ÝNÞ.TÝC.LTD.ÞTÝ - Virman;-259000,00;96.713,63
28.03.2025;1801374784X280325150225PEÞÝNSATIÞ;26517,30;355.713,63
28.03.2025;1801374784X280325240225PEÞÝNSATIÞKATKIPAYI;-48,96;329.196,33
28.03.2025;1801374784X280325240225PEÞÝNSATIÞ;9791,95;329.245,29
27.03.2025;BSMV POS-1801374784 03/25 Belge ve Bilgilendirme Ücreti-Basýlý Ekstre;-1,45;319.453,34
27.03.2025;POS-1801374784 03/25 Belge ve Bilgilendirme Ücreti-Basýlý Ekstre;-29,00;319.454,79
27.03.2025;1801374784X270325140225PEÞÝNSATIÞ;22080,48;319.483,79
27.03.2025;1801374784X270325230225PEÞÝNSATIÞKATKIPAYI;-38,66;297.403,31
27.03.2025;1801374784X270325230225PEÞÝNSATIÞ;7729,90;297.441,97
27.03.2025;1801374784X270325260325ÜYE ÝÞYERÝ ÜCRETÝ - PEÞÝN (BSMV);-2,83;289.712,07
27.03.2025;1801374784X270325260325ÜYE ÝÞYERÝ ÜCRETÝ - PEÞÝN;-56,69;289.714,90
27.03.2025;1801374784X270325260325PEÞÝNSATIÞ;2999,50;289.771,59
26.03.2025;1801374784X260325130225PEÞÝNSATIÞ;26434,28;286.772,09
26.03.2025;1801374784X260325220225PEÞÝNSATIÞKATKIPAYI;-48,05;260.337,81
26.03.2025;1801374784X260325220225PEÞÝNSATIÞ;9608,95;260.385,86
26.03.2025;1801374784X260325270125ÜYE ÝÞYERÝ ÜCRETÝ - TAKSÝT (BSMV);-1,52;250.776,91
26.03.2025;1801374784X260325270125ÜYE ÝÞYERÝ ÜCRETÝ - TAKSÝT;-30,44;250.778,43
26.03.2025;1801374784X260325270125TAKSÝTSATIÞ;2648,35;250.808,87
26.03.2025;1801374784X260325281224ÜYE ÝÞYERÝ ÜCRETÝ - TAKSÝT (BSMV);-0,62;248.160,52
26.03.2025;1801374784X260325281224ÜYE ÝÞYERÝ ÜCRETÝ - TAKSÝT;-12,45;248.161,14
26.03.2025;1801374784X260325281224TAKSÝTSATIÞ;1083,05;248.173,59
26.03.2025;1801374784X260325260225ÜYE ÝÞYERÝ ÜCRETÝ - TAKSÝT (BSMV);-0,21;247.090,54
26.03.2025;1801374784X260325260225ÜYE ÝÞYERÝ ÜCRETÝ - TAKSÝT;-4,18;247.090,75
26.03.2025;1801374784X260325260225TAKSÝTLÝSATIÞKATKIPAYI;-10,90;247.094,93
26.03.2025;1801374784X260325260225TAKSÝTSATIÞ;363,48;247.105,83
25.03.2025;2425181907 TELEKOM;-153,25;246.742,35
25.03.2025;1801374784X250325120225PEÞÝNSATIÞ;13782,80;246.895,60
25.03.2025;1801374784X250325210225PEÞÝNSATIÞKATKIPAYI;-43,40;233.112,80
25.03.2025;1801374784X250325210225PEÞÝNSATIÞ;8681,48;233.156,20
25.03.2025;1801374784X250325260125ÜYE ÝÞYERÝ ÜCRETÝ - TAKSÝT (BSMV);-1,11;224.474,72
25.03.2025;1801374784X250325260125ÜYE ÝÞYERÝ ÜCRETÝ - TAKSÝT;-22,09;224.475,83
25.03.2025;1801374784X250325260125TAKSÝTSATIÞ;1921,97;224.497,92
24.03.2025;1801374784X240325110225PEÞÝNSATIÞ;9874,05;222.575,95
24.03.2025;1801374784X240325250125ÜYE ÝÞYERÝ ÜCRETÝ - TAKSÝT (BSMV);-0,39;212.701,90
24.03.2025;1801374784X240325250125ÜYE ÝÞYERÝ ÜCRETÝ - TAKSÝT;-7,80;212.702,29
24.03.2025;1801374784X240325250125TAKSÝTSATIÞ;678,85;212.710,09
23.03.2025;1801374784X230325100225PEÞÝNSATIÞ;12018,85;212.031,24
23.03.2025;1801374784X230325220325ÜYE ÝÞYERÝ ÜCRETÝ - PEÞÝN (BSMV);-5,37;200.012,39
23.03.2025;1801374784X230325220325ÜYE ÝÞYERÝ ÜCRETÝ - PEÞÝN;-107,41;200.017,76
23.03.2025;1801374784X230325220325PEÞÝNSATIÞ;5683,34;200.125,17
23.03.2025;1801374784X230325190225PEÞÝNSATIÞKATKIPAYI;-12,05;194.441,83
23.03.2025;1801374784X230325190225PEÞÝNSATIÞ;2409,45;194.453,88
23.03.2025;1801374784X230325230225ÜYE ÝÞYERÝ ÜCRETÝ - TAKSÝT (BSMV);-0,49;192.044,43
23.03.2025;1801374784X230325230225ÜYE ÝÞYERÝ ÜCRETÝ - TAKSÝT;-9,89;192.044,92
23.03.2025;1801374784X230325230225TAKSÝTLÝSATIÞKATKIPAYI;-25,80;192.054,81
23.03.2025;1801374784X230325230225TAKSÝTSATIÞ;860,14;192.080,61
22.03.2025;1801374784X220325090225PEÞÝNSATIÞ;31777,81;191.220,47
22.03.2025;1801374784X220325180225PEÞÝNSATIÞKATKIPAYI;-40,93;159.442,66
22.03.2025;1801374784X220325180225PEÞÝNSATIÞ;8186,25;159.483,59
22.03.2025;1801374784X220325220225ÜYE ÝÞYERÝ ÜCRETÝ - TAKSÝT (BSMV);-0,57;151.297,34
22.03.2025;1801374784X220325220225ÜYE ÝÞYERÝ ÜCRETÝ - TAKSÝT;-11,49;151.297,91
22.03.2025;1801374784X220325220225TAKSÝTLÝSATIÞKATKIPAYI;-30,00;151.309,40
22.03.2025;1801374784X220325220225TAKSÝTSATIÞ;999,84;151.339,40
21.03.2025;GELEN FAST - NAFÝL AKINCI -;336,00;150.339,56
21.03.2025;1801374784X210325080225PEÞÝNSATIÞ;70480,55;150.003,56
21.03.2025;1801374784X210325210225ÜYE ÝÞYERÝ ÜCRETÝ - TAKSÝT (BSMV);-2,98;79.523,01
21.03.2025;1801374784X210325210225ÜYE ÝÞYERÝ ÜCRETÝ - TAKSÝT;-59,45;79.525,99
21.03.2025;1801374784X210325210225TAKSÝTLÝSATIÞKATKIPAYI;-131,40;79.585,44
21.03.2025;1801374784X210325210225TAKSÝTSATIÞ;5171,77;79.716,84
21.03.2025;1801374784X210325170225PEÞÝNSATIÞKATKIPAYI;-15,94;74.545,07
21.03.2025;1801374784X210325170225PEÞÝNSATIÞ;3187,50;74.561,01
21.03.2025;1801374784X210325220125ÜYE ÝÞYERÝ ÜCRETÝ - TAKSÝT (BSMV);-0,58;71.373,51
21.03.2025;1801374784X210325220125ÜYE ÝÞYERÝ ÜCRETÝ - TAKSÝT;-11,50;71.374,09
21.03.2025;1801374784X210325220125TAKSÝTSATIÞ;1000,25;71.385,59
20.03.2025;1801374784X200325070225PEÞÝNSATIÞ;38383,66;70.385,34
20.03.2025;1801374784X200325200225ÜYE ÝÞYERÝ ÜCRETÝ - TAKSÝT (BSMV);-1,98;32.001,68
20.03.2025;1801374784X200325200225ÜYE ÝÞYERÝ ÜCRETÝ - TAKSÝT;-39,64;32.003,66
20.03.2025;1801374784X200325200225TAKSÝTLÝSATIÞKATKIPAYI;-103,43;32.043,30
20.03.2025;1801374784X200325200225TAKSÝTSATIÞ;3447,34;32.146,73
20.03.2025;1801374784X200325160225PEÞÝNSATIÞKATKIPAYI;-15,00;28.699,39
20.03.2025;1801374784X200325160225PEÞÝNSATIÞ;2999,50;28.714,39
19.03.2025;1801374784X190325060225PEÞÝNSATIÞ;7752,46;25.714,89
19.03.2025;1801374784X190325200125ÜYE ÝÞYERÝ ÜCRETÝ - TAKSÝT (BSMV);-1,47;17.962,43
19.03.2025;1801374784X190325200125ÜYE ÝÞYERÝ ÜCRETÝ - TAKSÝT;-29,21;17.963,90
19.03.2025;1801374784X190325200125TAKSÝTSATIÞ;2540,34;17.993,11
19.03.2025;1801374784X190325150225PEÞÝNSATIÞKATKIPAYI;-8,84;15.452,77
19.03.2025;1801374784X190325150225PEÞÝNSATIÞ;1767,45;15.461,61
18.03.2025;INT 455359******1405 1803 9405;-5501,50;13.694,16
18.03.2025;1801374784X180325050225PEÞÝNSATIÞ;13536,55;19.195,66
18.03.2025;1801374784X180325190125ÜYE ÝÞYERÝ ÜCRETÝ - TAKSÝT (BSMV);-1,89;5.659,11
18.03.2025;1801374784X180325190125ÜYE ÝÞYERÝ ÜCRETÝ - TAKSÝT;-37,78;5.661,00
18.03.2025;1801374784X180325190125TAKSÝTSATIÞ;3286,50;5.698,78
18.03.2025;1801374784X180325170325ÜYE ÝÞYERÝ ÜCRETÝ - PEÞÝN (BSMV);-1,61;2.412,28
18.03.2025;1801374784X180325170325ÜYE ÝÞYERÝ ÜCRETÝ - PEÞÝN;-32,13;2.413,89
18.03.2025;1801374784X180325170325PEÞÝNSATIÞ;1700,35;2.446,02
17.03.2025;BSMV ELEKTRONÝK FON TRANSFERÝ (EFT) ÜCRETÝ-EFT/ALANYA ÖZKAN KI/Halkbank Hesab;-0,61;745,67
17.03.2025;ELEKTRONÝK FON TRANSFERÝ (EFT) ÜCRETÝ-EFT/ALANYA ÖZKAN KI/Halkbank Hesab;-12,19;746,28
17.03.2025;GÝDEN EFT - ALANYA ÖZKAN KIRTASÝYE MATBAACILIK YAYINCILIK ÝNÞAAT TÝCARET LÝMÝTED ÞÝRKETÝ - Halkbank Hesabýna;-183000,00;758,47
17.03.2025;BSMV ELEKTRONÝK FON TRANSFERÝ (EFT) ÜCRETÝ-FAST/alanya özkan ký;-0,61;183.758,47
17.03.2025;ELEKTRONÝK FON TRANSFERÝ (EFT) ÜCRETÝ-FAST/alanya özkan ký;-12,19;183.759,08
17.03.2025;GÝDEN FAST - alanya özkan kýrtasiye mat.yay.inþ.tic.ltd.þti;-20000,00;183.771,27
17.03.2025;1801374784X170325130225PEÞÝNSATIÞKATKIPAYI;-59,05;203.771,27
17.03.2025;1801374784X170325130225PEÞÝNSATIÞ;11806,84;203.830,32
17.03.2025;1801374784X170325040225PEÞÝNSATIÞ;9955,10;192.023,48
17.03.2025;1801374784X170325180125ÜYE ÝÞYERÝ ÜCRETÝ - TAKSÝT (BSMV);-1,70;182.068,38
17.03.2025;1801374784X170325180125ÜYE ÝÞYERÝ ÜCRETÝ - TAKSÝT;-33,87;182.070,08
17.03.2025;1801374784X170325180125TAKSÝTSATIÞ;2946,55;182.103,95
16.03.2025;1801374784X160325160225INTPB;0,33;179.157,40
16.03.2025;1801374784X160325160225INTP;6,44;179.157,07
16.03.2025;1801374784X160325160225TAKSATÝND;-560,54;179.150,63
16.03.2025;1801374784X160325120225PEÞÝNSATIÞKATKIPAYI;-32,14;179.711,17
16.03.2025;1801374784X160325120225PEÞÝNSATIÞ;6426,57;179.743,31
16.03.2025;1801374784X160325160225ÜYE ÝÞYERÝ ÜCRETÝ - TAKSÝT (BSMV);-2,57;173.316,74
16.03.2025;1801374784X160325160225ÜYE ÝÞYERÝ ÜCRETÝ - TAKSÝT;-51,57;173.319,31
16.03.2025;1801374784X160325160225TAKSÝTLÝSATIÞKATKIPAYI;-118,41;173.370,88
16.03.2025;1801374784X160325160225TAKSÝTSATIÞ;4486,06;173.489,29
16.03.2025;1801374784X160325030225PEÞÝNSATIÞ;2419,25;169.003,23
15.03.2025;1801374784X150325020225PEÞÝNSATIÞ;14737,83;166.583,98
15.03.2025;1801374784X150325171224ÜYE ÝÞYERÝ ÜCRETÝ - TAKSÝT (BSMV);-1,09;151.846,15
15.03.2025;1801374784X150325171224ÜYE ÝÞYERÝ ÜCRETÝ - TAKSÝT;-21,84;151.847,24
15.03.2025;1801374784X150325171224TAKSÝTSATIÞ;1899,73;151.869,08
15.03.2025;1801374784X150325110225PEÞÝNSATIÞKATKIPAYI;-4,88;149.969,35
15.03.2025;1801374784X150325110225PEÞÝNSATIÞ;975,85;149.974,23
14.03.2025;1801374784X140325010225PEÞÝNSATIÞ;28560,15;148.998,38
14.03.2025;1801374784X140325100225PEÞÝNSATIÞKATKIPAYI;-20,81;120.438,23
14.03.2025;1801374784X140325100225PEÞÝNSATIÞ;4160,95;120.459,04
14.03.2025;1801374784X140325140225ÜYE ÝÞYERÝ ÜCRETÝ - TAKSÝT (BSMV);-0,62;116.298,09
14.03.2025;1801374784X140325140225ÜYE ÝÞYERÝ ÜCRETÝ - TAKSÝT;-12,40;116.298,71
14.03.2025;1801374784X140325140225TAKSÝTLÝSATIÞKATKIPAYI;-32,36;116.311,11
14.03.2025;1801374784X140325140225TAKSÝTSATIÞ;1078,50;116.343,47
13.03.2025;1801374784X130325090225PEÞÝNSATIÞKATKIPAYI;-45,58;115.264,97
13.03.2025;1801374784X130325090225PEÞÝNSATIÞ;9113,75;115.310,55
13.03.2025;1801374784X130325310125PEÞÝNSATIÞ;2801,36;106.196,80
13.03.2025;1801374784X130325130225ÜYE ÝÞYERÝ ÜCRETÝ - TAKSÝT (BSMV);-0,86;103.395,44
13.03.2025;1801374784X130325130225ÜYE ÝÞYERÝ ÜCRETÝ - TAKSÝT;-17,24;103.396,30
13.03.2025;1801374784X130325130225TAKSÝTLÝSATIÞKATKIPAYI;-30,00;103.413,54
13.03.2025;1801374784X130325130225TAKSÝTSATIÞ;1499,75;103.443,54
12.03.2025;1801374784X120325080225PEÞÝNSATIÞKATKIPAYI;-131,48;101.943,79
12.03.2025;1801374784X120325080225PEÞÝNSATIÞ;26295,60;102.075,27
12.03.2025;1801374784X120325300125PEÞÝNSATIÞ;5449,50;75.779,67
12.03.2025;1801374784X120325110325ÜYE ÝÞYERÝ ÜCRETÝ - PEÞÝN (BSMV);-0,95;70.330,17
12.03.2025;1801374784X120325110325ÜYE ÝÞYERÝ ÜCRETÝ - PEÞÝN;-18,90;70.331,12
12.03.2025;1801374784X120325110325PEÞÝNSATIÞ;1000,45;70.350,02
11.03.2025;1801374784X110325290125PEÞÝNSATIÞ;12006,05;69.349,57
11.03.2025;1801374784X110325070225PEÞÝNSATIÞKATKIPAYI;-21,48;57.343,52
11.03.2025;1801374784X110325070225PEÞÝNSATIÞ;4295,85;57.365,00
11.03.2025;1801374784X110325100325ÜYE ÝÞYERÝ ÜCRETÝ - PEÞÝN (BSMV);-2,98;53.069,15
11.03.2025;1801374784X110325100325ÜYE ÝÞYERÝ ÜCRETÝ - PEÞÝN;-59,63;53.072,13
11.03.2025;1801374784X110325100325PEÞÝNSATIÞ;3155,25;53.131,76
10.03.2025;1801374784X100325280125PEÞÝNSATIÞ;8768,90;49.976,51
10.03.2025;1801374784X100325060225PEÞÝNSATIÞKATKIPAYI;-15,43;41.207,61
10.03.2025;1801374784X100325060225PEÞÝNSATIÞ;3085,70;41.223,04
09.03.2025;1801374784X090325270125PEÞÝNSATIÞ;11350,05;38.137,34
09.03.2025;1801374784X090325050225PEÞÝNSATIÞKATKIPAYI;-23,93;26.787,29
09.03.2025;1801374784X090325050225PEÞÝNSATIÞ;4785,90;26.811,22
08.03.2025;1801374784X080325260125PEÞÝNSATIÞ;6356,15;22.025,32
08.03.2025;1801374784X080325040225PEÞÝNSATIÞKATKIPAYI;-1,90;15.669,17
08.03.2025;1801374784X080325040225PEÞÝNSATIÞ;380,45;15.671,07
07.03.2025;1801374784X070325250125PEÞÝNSATIÞ;6431,10;15.290,62
07.03.2025;1801374784X070325030225PEÞÝNSATIÞKATKIPAYI;-17,90;8.859,52
07.03.2025;1801374784X070325030225PEÞÝNSATIÞ;3579,85;8.877,42
07.03.2025;1801374784X070325070225ÜYE ÝÞYERÝ ÜCRETÝ - TAKSÝT (BSMV);-0,60;5.297,57
07.03.2025;1801374784X070325070225ÜYE ÝÞYERÝ ÜCRETÝ - TAKSÝT;-12,03;5.298,17
07.03.2025;1801374784X070325070225TAKSÝTLÝSATIÞKATKIPAYI;-41,86;5.310,20
07.03.2025;1801374784X070325070225TAKSÝTSATIÞ;1046,59;5.352,06
06.03.2025;1801374784X060325240125PEÞÝNSATIÞ;3643,10;4.305,47
06.03.2025;1801374784X060325020225PEÞÝNSATIÞKATKIPAYI;-1,25;662,37
06.03.2025;1801374784X060325020225PEÞÝNSATIÞ;250,00;663,62
05.03.2025;BSMV ELEKTRONÝK FON TRANSFERÝ (EFT) ÜCRETÝ-FAST/Alanya ÖZKAN KI/Virman;-0,61;413,62
05.03.2025;ELEKTRONÝK FON TRANSFERÝ (EFT) ÜCRETÝ-FAST/Alanya ÖZKAN KI/Virman;-12,19;414,23
05.03.2025;GÝDEN FAST - Alanya ÖZKAN KIRTASÝYE MAT.YAY.ÝNÞ.TÝC.LTD.ÞTÝ - Virman;-69000,00;426,42
05.03.2025;1801374784X050325230125PEÞÝNSATIÞ;8972,64;69.426,42
05.03.2025;1801374784X050325010225PEÞÝNSATIÞKATKIPAYI;-21,88;60.453,78
05.03.2025;1801374784X050325010225PEÞÝNSATIÞ;4374,50;60.475,66
04.03.2025;GELEN FAST - NAFÝL AKINCI -;2999,00;56.101,16
04.03.2025;BSMV ELEKTRONÝK FON TRANSFERÝ (EFT) ÜCRETÝ-FAST/ENTEGRA BÝLÝÞÝM/Fenerium inte;-0,30;53.102,16
04.03.2025;ELEKTRONÝK FON TRANSFERÝ (EFT) ÜCRETÝ-FAST/ENTEGRA BÝLÝÞÝM/Fenerium inte;-6,09;53.102,46
04.03.2025;GÝDEN FAST - ENTEGRA BÝLÝÞÝM SANAYÝ VE TÝCARET A.Þ - Fenerium internet erisim faturasi odemesi;-464,75;53.108,55
04.03.2025;1801374784X040325220125PEÞÝNSATIÞ;8161,60;53.573,30
04.03.2025;1801374784X040325310125PEÞÝNSATIÞKATKIPAYI;-5,28;45.411,70
04.03.2025;1801374784X040325310125PEÞÝNSATIÞ;1055,25;45.416,98
03.03.2025;1801374784X030325210125PEÞÝNSATIÞ;4414,60;44.361,73
03.03.2025;1801374784X030325300125PEÞÝNSATIÞKATKIPAYI;-16,72;39.947,13
03.03.2025;1801374784X030325300125PEÞÝNSATIÞ;3343,90;39.963,85
02.03.2025;GELEN FAST - MEHMET ÖZEN -;1099,90;36.619,95
02.03.2025;1801374784X020325290125PEÞÝNSATIÞKATKIPAYI;-20,89;35.520,05
02.03.2025;1801374784X020325290125PEÞÝNSATIÞ;4177,50;35.540,94
02.03.2025;1801374784X020325200125PEÞÝNSATIÞ;3427,80;31.363,44
02.03.2025;1801374784X020325030125ÜYE ÝÞYERÝ ÜCRETÝ - TAKSÝT (BSMV);-0,53;27.935,64
02.03.2025;1801374784X020325030125ÜYE ÝÞYERÝ ÜCRETÝ - TAKSÝT;-10,45;27.936,17
02.03.2025;1801374784X020325030125TAKSÝTSATIÞ;909,88;27.946,62
01.03.2025;1801374784X010325190125PEÞÝNSATIÞ;10886,06;27.036,74
28.02.2025;2425181907 TELEKOM;-153,25;16.150,68
28.02.2025;1801374784X280225180125PEÞÝNSATIÞ;8626,90;16.303,93
28.02.2025;1801374784X280225270225ÜYE ÝÞYERÝ ÜCRETÝ - PEÞÝN (BSMV);-4,74;7.677,03
28.02.2025;1801374784X280225270225ÜYE ÝÞYERÝ ÜCRETÝ - PEÞÝN;-94,89;7.681,77
28.02.2025;1801374784X280225270225PEÞÝNSATIÞ;5020,80;7.776,66
28.02.2025;1801374784X280225021224ÜYE ÝÞYERÝ ÜCRETÝ - TAKSÝT (BSMV);-0,93;2.755,86
28.02.2025;1801374784X280225021224ÜYE ÝÞYERÝ ÜCRETÝ - TAKSÝT;-18,57;2.756,79
28.02.2025;1801374784X280225021224TAKSÝTSATIÞ;1614,88;2.775,36
28.02.2025;1801374784X280225010125ÜYE ÝÞYERÝ ÜCRETÝ - TAKSÝT (BSMV);-0,35;1.160,48
28.02.2025;1801374784X280225010125ÜYE ÝÞYERÝ ÜCRETÝ - TAKSÝT;-6,90;1.160,83
28.02.2025;1801374784X280225010125TAKSÝTSATIÞ;600,22;1.167,73
27.02.2025;BSMV ELEKTRONÝK FON TRANSFERÝ (EFT) ÜCRETÝ-EFT/Alanya ÖZKAN KI/Virman;-0,61;567,51
27.02.2025;ELEKTRONÝK FON TRANSFERÝ (EFT) ÜCRETÝ-EFT/Alanya ÖZKAN KI/Virman;-12,19;568,12
27.02.2025;GÝDEN EFT - Alanya ÖZKAN KIRTASÝYE MAT.YAY.ÝNÞ.TÝC.LTD.ÞTÝ - Virman;-117000,00;580,31
27.02.2025;BSMV POS-1801374784 02/25 Belge ve Bilgilendirme Ücreti-Basýlý Ekstre;-1,45;117.580,31
27.02.2025;POS-1801374784 02/25 Belge ve Bilgilendirme Ücreti-Basýlý Ekstre;-29,00;117.581,76
27.02.2025;1801374784X270225170125PEÞÝNSATIÞ;8709,15;117.610,76
27.02.2025;1801374784X270225300125ÜYE ÝÞYERÝ ÜCRETÝ - TAKSÝT (BSMV);-1,28;108.901,61
27.02.2025;1801374784X270225300125ÜYE ÝÞYERÝ ÜCRETÝ - TAKSÝT;-25,63;108.902,89
27.02.2025;1801374784X270225300125TAKSÝTLÝSATIÞKATKIPAYI;-44,58;108.928,52
27.02.2025;1801374784X270225300125TAKSÝTSATIÞ;2229,43;108.973,10
27.02.2025;1801374784X270225311224ÜYE ÝÞYERÝ ÜCRETÝ - TAKSÝT (BSMV);-1,20;106.743,67
27.02.2025;1801374784X270225311224ÜYE ÝÞYERÝ ÜCRETÝ - TAKSÝT;-23,91;106.744,87
27.02.2025;1801374784X270225311224TAKSÝTSATIÞ;2079,23;106.768,78
27.02.2025;1801374784X270225260125PEÞÝNSATIÞKATKIPAYI;-5,25;104.689,55
27.02.2025;1801374784X270225260125PEÞÝNSATIÞ;1050,35;104.694,80
26.02.2025;1801374784X260225250125PEÞÝNSATIÞKATKIPAYI;-48,48;103.644,45
26.02.2025;1801374784X260225250125PEÞÝNSATIÞ;9693,90;103.692,93
26.02.2025;1801374784X260225160125PEÞÝNSATIÞ;2266,25;93.999,03
25.02.2025;1801374784X250225150125PEÞÝNSATIÞ;1890,45;91.732,78
25.02.2025;1801374784X250225240225ÜYE ÝÞYERÝ ÜCRETÝ - PEÞÝN (BSMV);-0,22;89.842,33
25.02.2025;1801374784X250225240225ÜYE ÝÞYERÝ ÜCRETÝ - PEÞÝN;-4,48;89.842,55
25.02.2025;1801374784X250225240225PEÞÝNSATIÞ;237,45;89.847,03
24.02.2025;1801374784X240225281124ÜYE ÝÞYERÝ ÜCRETÝ - TAKSÝT (BSMV);-1,50;89.609,58
24.02.2025;1801374784X240225281124ÜYE ÝÞYERÝ ÜCRETÝ - TAKSÝT;-30,02;89.611,08
24.02.2025;1801374784X240225281124TAKSÝTSATIÞ;2611,61;89.641,10
24.02.2025;1801374784X240225270125ÜYE ÝÞYERÝ ÜCRETÝ - TAKSÝT (BSMV);-1,52;87.029,49
24.02.2025;1801374784X240225270125ÜYE ÝÞYERÝ ÜCRETÝ - TAKSÝT;-30,44;87.031,01
24.02.2025;1801374784X240225270125TAKSÝTLÝSATIÞKATKIPAYI;-64,46;87.061,45
24.02.2025;1801374784X240225270125TAKSÝTSATIÞ;2648,35;87.125,91
24.02.2025;1801374784X240225281224ÜYE ÝÞYERÝ ÜCRETÝ - TAKSÝT (BSMV);-0,62;84.477,56
24.02.2025;1801374784X240225281224ÜYE ÝÞYERÝ ÜCRETÝ - TAKSÝT;-12,45;84.478,18
24.02.2025;1801374784X240225281224TAKSÝTSATIÞ;1083,05;84.490,63
23.02.2025;1801374784X230225220125PEÞÝNSATIÞKATKIPAYI;-24,33;83.407,58
23.02.2025;1801374784X230225220125PEÞÝNSATIÞ;4865,85;83.431,91
23.02.2025;1801374784X230225220225ÜYE ÝÞYERÝ ÜCRETÝ - PEÞÝN (BSMV);-4,64;78.566,06
23.02.2025;1801374784X230225220225ÜYE ÝÞYERÝ ÜCRETÝ - PEÞÝN;-92,79;78.570,70
23.02.2025;1801374784X230225220225PEÞÝNSATIÞ;4909,95;78.663,49
23.02.2025;1801374784X230225260125ÜYE ÝÞYERÝ ÜCRETÝ - TAKSÝT (BSMV);-1,11;73.753,54
23.02.2025;1801374784X230225260125ÜYE ÝÞYERÝ ÜCRETÝ - TAKSÝT;-22,09;73.754,65
23.02.2025;1801374784X230225260125TAKSÝTLÝSATIÞKATKIPAYI;-50,01;73.776,74
23.02.2025;1801374784X230225260125TAKSÝTSATIÞ;1921,97;73.826,75
23.02.2025;1801374784X230225130125PEÞÝNSATIÞ;1150,85;71.904,78
22.02.2025;1801374784X220225120125PEÞÝNSATIÞ;8719,89;70.753,93
22.02.2025;1801374784X220225210125PEÞÝNSATIÞKATKIPAYI;-7,25;62.034,04
22.02.2025;1801374784X220225210125PEÞÝNSATIÞ;1450,35;62.041,29
22.02.2025;1801374784X220225250125ÜYE ÝÞYERÝ ÜCRETÝ - TAKSÝT (BSMV);-0,39;60.590,94
22.02.2025;1801374784X220225250125ÜYE ÝÞYERÝ ÜCRETÝ - TAKSÝT;-7,80;60.591,33
22.02.2025;1801374784X220225250125TAKSÝTLÝSATIÞKATKIPAYI;-13,58;60.599,13
22.02.2025;1801374784X220225250125TAKSÝTSATIÞ;678,85;60.612,71
21.02.2025;1801374784X210225110125PEÞÝNSATIÞ;10228,15;59.933,86
21.02.2025;1801374784X210225200125PEÞÝNSATIÞKATKIPAYI;-0,88;49.705,71
21.02.2025;1801374784X210225200125PEÞÝNSATIÞ;174,85;49.706,59
20.02.2025;455359******1405 OTOMATIK ODEME;-4035,00;49.531,74
20.02.2025;1801374784X200225100125PEÞÝNSATIÞ;15278,02;53.566,74
20.02.2025;1801374784X200225190125PEÞÝNSATIÞKATKIPAYI;-32,25;38.288,72
20.02.2025;1801374784X200225190125PEÞÝNSATIÞ;6449,75;38.320,97
19.02.2025;1801374784X190225090125PEÞÝNSATIÞ;8396,20;31.871,22
19.02.2025;1801374784X190225180125PEÞÝNSATIÞKATKIPAYI;-8,25;23.475,02
19.02.2025;1801374784X190225180125PEÞÝNSATIÞ;1650,85;23.483,27
19.02.2025;1801374784X190225220125ÜYE ÝÞYERÝ ÜCRETÝ - TAKSÝT (BSMV);-0,58;21.832,42
19.02.2025;1801374784X190225220125ÜYE ÝÞYERÝ ÜCRETÝ - TAKSÝT;-11,50;21.833,00
19.02.2025;1801374784X190225220125TAKSÝTLÝSATIÞKATKIPAYI;-20,01;21.844,50
19.02.2025;1801374784X190225220125TAKSÝTSATIÞ;1000,25;21.864,51
19.02.2025;1801374784X190225231224ÜYE ÝÞYERÝ ÜCRETÝ - TAKSÝT (BSMV);-0,52;20.864,26
19.02.2025;1801374784X190225231224ÜYE ÝÞYERÝ ÜCRETÝ - TAKSÝT;-10,35;20.864,78
19.02.2025;1801374784X190225231224TAKSÝTSATIÞ;900,10;20.875,13
18.02.2025;1801374784X180225170125PEÞÝNSATIÞKATKIPAYI;-26,64;19.975,03
18.02.2025;1801374784X180225170125PEÞÝNSATIÞ;5326,95;20.001,67
18.02.2025;1801374784X180225080125PEÞÝNSATIÞ;4612,50;14.674,72
17.02.2025;BSMV ELEKTRONÝK FON TRANSFERÝ (EFT) ÜCRETÝ-EFT/ALANYA ÖZKAN KI/Virman;-0,61;10.062,22
17.02.2025;ELEKTRONÝK FON TRANSFERÝ (EFT) ÜCRETÝ-EFT/ALANYA ÖZKAN KI/Virman;-12,19;10.062,83
17.02.2025;GÝDEN EFT - ALANYA ÖZKAN KIRTASÝYE MATBAACILIK - Virman;-240000,00;10.075,02
17.02.2025;1801374784X170225160125PEÞÝNSATIÞKATKIPAYI;-16,20;250.075,02
17.02.2025;1801374784X170225160125PEÞÝNSATIÞ;3238,80;250.091,22
17.02.2025;1801374784X170225070125PEÞÝNSATIÞ;2822,60;246.852,42
17.02.2025;1801374784X170225200125ÜYE ÝÞYERÝ ÜCRETÝ - TAKSÝT (BSMV);-1,47;244.029,82
17.02.2025;1801374784X170225200125ÜYE ÝÞYERÝ ÜCRETÝ - TAKSÝT;-29,21;244.031,29
17.02.2025;1801374784X170225200125TAKSÝTLÝSATIÞKATKIPAYI;-66,21;244.060,50
17.02.2025;1801374784X170225200125TAKSÝTSATIÞ;2540,36;244.126,71
17.02.2025;1801374784X170225211124ÜYE ÝÞYERÝ ÜCRETÝ - TAKSÝT (BSMV);-0,53;241.586,35
17.02.2025;1801374784X170225211124ÜYE ÝÞYERÝ ÜCRETÝ - TAKSÝT;-10,50;241.586,88
17.02.2025;1801374784X170225211124TAKSÝTSATIÞ;913,35;241.597,38
17.02.2025;1801374784X170225211224ÜYE ÝÞYERÝ ÜCRETÝ - TAKSÝT (BSMV);-0,24;240.684,03
17.02.2025;1801374784X170225211224ÜYE ÝÞYERÝ ÜCRETÝ - TAKSÝT;-4,88;240.684,27
17.02.2025;1801374784X170225211224TAKSÝTSATIÞ;425,10;240.689,15
16.02.2025;1801374784X160225060125PEÞÝNSATIÞ;14401,70;240.264,05
16.02.2025;1801374784X160225190125ÜYE ÝÞYERÝ ÜCRETÝ - TAKSÝT (BSMV);-1,89;225.862,35
16.02.2025;1801374784X160225190125ÜYE ÝÞYERÝ ÜCRETÝ - TAKSÝT;-37,78;225.864,24
16.02.2025;1801374784X160225190125TAKSÝTLÝSATIÞKATKIPAYI;-101,47;225.902,02
16.02.2025;1801374784X160225190125TAKSÝTSATIÞ;3286,50;226.003,49
16.02.2025;1801374784X160225150125PEÞÝNSATIÞKATKIPAYI;-7,09;222.716,99
16.02.2025;1801374784X160225150125PEÞÝNSATIÞ;1417,65;222.724,08
15.02.2025;1801374784X150225180125ÜYE ÝÞYERÝ ÜCRETÝ - TAKSÝT (BSMV);-1,70;221.306,43
15.02.2025;1801374784X150225180125ÜYE ÝÞYERÝ ÜCRETÝ - TAKSÝT;-33,87;221.308,13
15.02.2025;1801374784X150225180125TAKSÝTLÝSATIÞKATKIPAYI;-58,93;221.342,00
15.02.2025;1801374784X150225180125TAKSÝTSATIÞ;2946,56;221.400,93
15.02.2025;1801374784X150225050125PEÞÝNSATIÞ;1921,15;218.454,37
14.02.2025;1801374784X140225040125PEÞÝNSATIÞ;9749,55;216.533,22
14.02.2025;1801374784X140225181124ÜYE ÝÞYERÝ ÜCRETÝ - TAKSÝT (BSMV);-0,66;206.783,67
14.02.2025;1801374784X140225181124ÜYE ÝÞYERÝ ÜCRETÝ - TAKSÝT;-13,18;206.784,33
14.02.2025;1801374784X140225181124TAKSÝTSATIÞ;1146,40;206.797,51
13.02.2025;1801374784X130225030125PEÞÝNSATIÞ;13622,06;205.651,11
13.02.2025;1801374784X130225171224ÜYE ÝÞYERÝ ÜCRETÝ - TAKSÝT (BSMV);-1,09;192.029,05
13.02.2025;1801374784X130225171224ÜYE ÝÞYERÝ ÜCRETÝ - TAKSÝT;-21,84;192.030,14
13.02.2025;1801374784X130225171224TAKSÝTSATIÞ;1899,73;192.051,98
13.02.2025;1801374784X130225120225ÜYE ÝÞYERÝ ÜCRETÝ - PEÞÝN (BSMV);-1,33;190.152,25
13.02.2025;1801374784X130225120225ÜYE ÝÞYERÝ ÜCRETÝ - PEÞÝN;-26,56;190.153,58
13.02.2025;1801374784X130225120225PEÞÝNSATIÞ;1405,30;190.180,14
12.02.2025;1801374784X120225020125PEÞÝNSATIÞ;3360,05;188.774,84
12.02.2025;1801374784X120225110125PEÞÝNSATIÞKATKIPAYI;-1,18;185.414,79
12.02.2025;1801374784X120225110125PEÞÝNSATIÞ;235,45;185.415,97
11.02.2025;1801374784X110225010125PEÞÝNSATIÞ;6950,95;185.180,52
11.02.2025;1801374784X110225100225ÜYE ÝÞYERÝ ÜCRETÝ - PEÞÝN (BSMV);-3,44;178.229,57
11.02.2025;1801374784X110225100225ÜYE ÝÞYERÝ ÜCRETÝ - PEÞÝN;-68,72;178.233,01
11.02.2025;1801374784X110225100225PEÞÝNSATIÞ;3636,01;178.301,73
11.02.2025;1801374784X110225151124ÜYE ÝÞYERÝ ÜCRETÝ - TAKSÝT (BSMV);-0,62;174.665,72
11.02.2025;1801374784X110225151124ÜYE ÝÞYERÝ ÜCRETÝ - TAKSÝT;-12,47;174.666,34
11.02.2025;1801374784X110225151124TAKSÝTSATIÞ;1084,73;174.678,81
11.02.2025;1801374784X110225151224ÜYE ÝÞYERÝ ÜCRETÝ - TAKSÝT (BSMV);-0,33;173.594,08
11.02.2025;1801374784X110225151224ÜYE ÝÞYERÝ ÜCRETÝ - TAKSÝT;-6,64;173.594,41
11.02.2025;1801374784X110225151224TAKSÝTSATIÞ;577,60;173.601,05
10.02.2025;1801374784X100225311224PEÞÝNSATIÞ;17624,10;173.023,45
10.02.2025;1801374784X100225090125PEÞÝNSATIÞKATKIPAYI;-19,46;155.399,35
10.02.2025;1801374784X100225090125PEÞÝNSATIÞ;3891,30;155.418,81
10.02.2025;1801374784X100225141124ÜYE ÝÞYERÝ ÜCRETÝ - TAKSÝT (BSMV);-1,16;151.527,51
10.02.2025;1801374784X100225141124ÜYE ÝÞYERÝ ÜCRETÝ - TAKSÝT;-23,14;151.528,67
10.02.2025;1801374784X100225141124TAKSÝTSATIÞ;2012,71;151.551,81
09.02.2025;1801374784X090225080225ÜYE ÝÞYERÝ ÜCRETÝ - PEÞÝN (BSMV);-21,25;149.539,10
09.02.2025;1801374784X090225080225ÜYE ÝÞYERÝ ÜCRETÝ - PEÞÝN;-424,82;149.560,35
09.02.2025;1801374784X090225080225PEÞÝNSATIÞ;22477,45;149.985,17
09.02.2025;1801374784X090225301224PEÞÝNSATIÞ;9181,19;127.507,72
09.02.2025;1801374784X090225080125PEÞÝNSATIÞKATKIPAYI;-7,09;118.326,53
09.02.2025;1801374784X090225080125PEÞÝNSATIÞ;1415,45;118.333,62
08.02.2025;1801374784X080225291224PEÞÝNSATIÞ;6085,40;116.918,17
08.02.2025;1801374784X080225070125PEÞÝNSATIÞKATKIPAYI;-4,73;110.832,77
08.02.2025;1801374784X080225070125PEÞÝNSATIÞ;945,30;110.837,50
07.02.2025;1801374784X070225281224PEÞÝNSATIÞ;13275,45;109.892,20
07.02.2025;1801374784X070225060125PEÞÝNSATIÞKATKIPAYI;-3,73;96.616,75
07.02.2025;1801374784X070225060125PEÞÝNSATIÞ;745,45;96.620,48
06.02.2025;1801374784X060225271224PEÞÝNSATIÞ;10005,65;95.875,03
06.02.2025;1801374784X060225050225ÜYE ÝÞYERÝ ÜCRETÝ - PEÞÝN (BSMV);-1,56;85.869,38
06.02.2025;1801374784X060225050225ÜYE ÝÞYERÝ ÜCRETÝ - PEÞÝN;-31,19;85.870,94
06.02.2025;1801374784X060225050225PEÞÝNSATIÞ;1650,45;85.902,13
06.02.2025;1801374784X060225101124ÜYE ÝÞYERÝ ÜCRETÝ - TAKSÝT (BSMV);-0,80;84.251,68
06.02.2025;1801374784X060225101124ÜYE ÝÞYERÝ ÜCRETÝ - TAKSÝT;-15,90;84.252,48
06.02.2025;1801374784X060225101124TAKSÝTSATIÞ;1382,75;84.268,38
06.02.2025;1801374784X060225050125PEÞÝNSATIÞKATKIPAYI;-4,88;82.885,63
06.02.2025;1801374784X060225050125PEÞÝNSATIÞ;974,50;82.890,51
05.02.2025;1801374784X050225261224PEÞÝNSATIÞ;10554,51;81.916,01
05.02.2025;1801374784X050225040225ÜYE ÝÞYERÝ ÜCRETÝ - PEÞÝN (BSMV);-1,95;71.361,50
05.02.2025;1801374784X050225040225ÜYE ÝÞYERÝ ÜCRETÝ - PEÞÝN;-38,94;71.363,45
05.02.2025;1801374784X050225040225PEÞÝNSATIÞ;2060,40;71.402,39
05.02.2025;1801374784X050225091124ÜYE ÝÞYERÝ ÜCRETÝ - TAKSÝT (BSMV);-0,83;69.341,99
05.02.2025;1801374784X050225091124ÜYE ÝÞYERÝ ÜCRETÝ - TAKSÝT;-16,66;69.342,82
05.02.2025;1801374784X050225091124TAKSÝTSATIÞ;1449,41;69.359,48
05.02.2025;1801374784X050225040125PEÞÝNSATIÞKATKIPAYI;-2,33;67.910,07
05.02.2025;1801374784X050225040125PEÞÝNSATIÞ;465,35;67.912,40
04.02.2025;BSMV ELEKTRONÝK FON TRANSFERÝ (EFT) ÜCRETÝ-FAST/BER EÐÝTÝM VE Y/Cari hesaba m;-0,30;67.447,05
04.02.2025;ELEKTRONÝK FON TRANSFERÝ (EFT) ÜCRETÝ-FAST/BER EÐÝTÝM VE Y/Cari hesaba m;-6,09;67.447,35
04.02.2025;GÝDEN FAST - BER EÐÝTÝM VE YAYINCILIK ANONÝM ÞÝRKETÝ - Cari hesaba mahsuben;-900,00;67.453,44
04.02.2025;BSMV ELEKTRONÝK FON TRANSFERÝ (EFT) ÜCRETÝ-FAST/BER EÐÝTÝM VE Y/Cari hesaba m;-0,61;68.353,44
04.02.2025;ELEKTRONÝK FON TRANSFERÝ (EFT) ÜCRETÝ-FAST/BER EÐÝTÝM VE Y/Cari hesaba m;-12,19;68.354,05
04.02.2025;GÝDEN FAST - BER EÐÝTÝM VE YAYINCILIK ANONÝM ÞÝRKETÝ - Cari hesaba mahsuben;-13000,00;68.366,24
04.02.2025;BSMV ELEKTRONÝK FON TRANSFERÝ (EFT) ÜCRETÝ-FAST/Ýmece Müzik ale/Cari hesaba m;-0,61;81.366,24
04.02.2025;ELEKTRONÝK FON TRANSFERÝ (EFT) ÜCRETÝ-FAST/Ýmece Müzik ale/Cari hesaba m;-12,19;81.366,85
04.02.2025;GÝDEN FAST - Ýmece Müzik aletleri tur.tic.san.ltd.þti - Cari hesaba mahsuben;-7200,00;81.379,04
04.02.2025;1801374784X040225251224PEÞÝNSATIÞ;15176,75;88.579,04
04.02.2025;1801374784X040225030125PEÞÝNSATIÞKATKIPAYI;-16,48;73.402,29
04.02.2025;1801374784X040225030125PEÞÝNSATIÞ;3295,50;73.418,77
04.02.2025;1801374784X040225081224ÜYE ÝÞYERÝ ÜCRETÝ - TAKSÝT (BSMV);-0,57;70.123,27
04.02.2025;1801374784X040225081224ÜYE ÝÞYERÝ ÜCRETÝ - TAKSÝT;-11,49;70.123,84
04.02.2025;1801374784X040225081224TAKSÝTSATIÞ;999,62;70.135,33
04.02.2025;1801374784X040225081124ÜYE ÝÞYERÝ ÜCRETÝ - TAKSÝT (BSMV);-0,23;69.135,71
04.02.2025;1801374784X040225081124ÜYE ÝÞYERÝ ÜCRETÝ - TAKSÝT;-4,67;69.135,94
04.02.2025;1801374784X040225081124TAKSÝTSATIÞ;406,75;69.140,61
03.02.2025;BSMV ELEKTRONÝK FON TRANSFERÝ (EFT) ÜCRETÝ-FAST/ENTEGRA BÝLÝÞÝM/Fenerium inte;-0,30;68.733,86
03.02.2025;ELEKTRONÝK FON TRANSFERÝ (EFT) ÜCRETÝ-FAST/ENTEGRA BÝLÝÞÝM/Fenerium inte;-6,09;68.734,16
03.02.2025;GÝDEN FAST - ENTEGRA BÝLÝÞÝM SANAYÝ VE TÝCARET A.Þ - Fenerium internet erisim faturasi odemesi;-464,75;68.740,25
03.02.2025;1801374784X030225241224PEÞÝNSATIÞ;8583,45;69.205,00
03.02.2025;1801374784X030225020125PEÞÝNSATIÞKATKIPAYI;-19,00;60.621,55
03.02.2025;1801374784X030225020125PEÞÝNSATIÞ;3800,75;60.640,55
03.02.2025;1801374784X030225071124ÜYE ÝÞYERÝ ÜCRETÝ - TAKSÝT (BSMV);-0,37;56.839,80
03.02.2025;1801374784X030225071124ÜYE ÝÞYERÝ ÜCRETÝ - TAKSÝT;-7,36;56.840,17
03.02.2025;1801374784X030225071124TAKSÝTSATIÞ;640,05;56.847,53
02.02.2025;1801374784X020225231224PEÞÝNSATIÞ;10687,94;56.207,48
02.02.2025;1801374784X020225010125PEÞÝNSATIÞKATKIPAYI;-3,45;45.519,54
02.02.2025;1801374784X020225010125PEÞÝNSATIÞ;690,45;45.522,99
02.02.2025;1801374784X020225061224ÜYE ÝÞYERÝ ÜCRETÝ - TAKSÝT (BSMV);-0,10;44.832,54
02.02.2025;1801374784X020225061224ÜYE ÝÞYERÝ ÜCRETÝ - TAKSÝT;-2,02;44.832,64
02.02.2025;1801374784X020225061224TAKSÝTSATIÞ;176,25;44.834,66
01.02.2025;1801374784X010225221224PEÞÝNSATIÞ;16983,61;44.658,41
01.02.2025;1801374784X010225311224PEÞÝNSATIÞKATKIPAYI;-8,05;27.674,80
01.02.2025;1801374784X010225311224PEÞÝNSATIÞ;1610,20;27.682,85
